1855 3214
922 244 976 284 52

231 378 276 416 et
305 374 428 416 Eum.
463 385 502 417 v.
540 374 802 426 269-275,
850 385 976 426 quem
1017 373 1157 417 locum
1192 373 1281 428 jam
1322 384 1455 427 supra
1494 376 1551 426 (p.
1584 371 1659 427 36)

235 444 522 488 laudavimus.

350 512 436 571 (Cf.
469 515 607 569 Agam
638 526 676 557 v.
714 516 797 557 176
817 525 895 568 sq„
930 516 1043 558 1424
1076 526 1154 569 sq„
1187 514 1305 558 Pers.
1338 526 1377 560 v.
1405 514 1655 563 818—-820,

234 588 511 638 823—826.)

351 657 430 710 At,
484 656 622 709 dicas,
673 656 883 710 quomodo
916 657 1117 701 convenit
1161 656 1345 700 deorum
1380 655 1576 711 justitiae
1608 668 1674 699 ea=

233 728 390 773 mentis
423 727 666 772 obcaetatio
698 725 839 785 (ἄτη),
879 740 970 782 qua·
1004 728 1453 782 homines=i1npellunt
1483 727 1540 771 ad
1570 738 1660 771 sce-

238 801 331 845 lera
363 798 700 844 committenda?
740 798 826 843 Sed
858 799 1048 855 videsne,
1081 812 1175 845 eam
1206 799 1361 844 mentis
1393 798 1692 845 obcaecatio—1⁴

234 885 331 915 nem
364 886 390 914 a
422 872 504 914 diis
536 872 652 913 mitti
682 874 732 913 ut
760 871 829 914 vel
870 872 962 926 ejus
994 873 1128 926 ipsius
1169 872 1235 915 vel
1266 875 1493 926 parentum
1525 872 1660 915 scele—

232 956 330 988 rum
361 944 574 999 poenam?
608 942 775 987 Chorus
807 943 979 997 quidem
1011 943 1243 987 Persarum
1277 944 1334 987 ad
1364 956 1459 987 eam
1489 945 1660 986 senten-

232 1017 339 1059 tiam
370 1016 500 1068 abiit,
552 1014 765 1057 neminem
807 1015 953 1057 dolum
985 1015 1197 1068 calidum,
1246 1027 1329 1068 quo
1378 1016 1437 1058 dii
1468 1014 1662 1059 homines

234 1085 599 1131 calaminitatibus
632 1084 805 1129 afficere
838 1085 986 1138 velint,
1024 1098 1149 1141 posse
1180 1085 1393 1140 effugere:
1450 1086 1590 1143 (Pers,
1620 1098 1660 1131 v.

237 1159 479 1214 93-1000
1000 1201 1003 1203 ,

235 1226 519 1287 ,,δολόμητιν
552 1223 591 1272 δ’
626 1223 817 1272 α’πάταν
848 1229 967 1272 θεοῦ
1005 1233 1074 1277 τίς
1114 1224 1232 1287 α’νήρ
1264 1228 1447 1278 θνατός
1486 1224 1660 1281 ἀλύξεις

233 1302 305 1350 τίς
338 1297 363 1343 o‘
396 1304 605 1358 κραιπνῷ
636 1300 745 1343 ποδὶ
779 1295 1058 1357 πηδήματος
1090 1296 1316 1349 εὕπετοῦς
1348 1292 1585 1357 οἷνᾴσσιοντ,

235 1367 475 1430 φίλόφρων
505 1369 592 1430 γάρ
626 1370 902 1429 παρασαίνει
933 1367 1109 1430 βροτόν
1142 1373 1205 1420 εἰς
1238 1369 1407 1430 ἄρκυας
1429 1368 1572 1434 ”Ατα,

233 1439 383 1487 τόθεν
417 1437 499 1486 οὐκ
530 1440 658 1487 ἔστιν
688 1438 807 1486 ’ὑπὲκ
839 1440 1026 1486 θνατόν
1059 1437 1289 1492 α’λύξαντα
1322 1449 1526 1501 φυγεῖν“.

353 1514 549 1569 Itemque
580 1513 904 1558 acerbissimam
935 1513 1055 1557 illam
1086 1514 1235 1558 classis
1258 1514 1527 1559 vexationem
1554 1528 1660 1559 nun-

232 1587 318 1629 tius
350 1586 552 1629 attribuit
582 1586 761 1629 deorum
792 1586 980 1628 invidiae
1014 1586 1149 1639 (Pers.
1186 1589 1302 1640 362),
1347 1587 1399 1630 de
1432 1599 1517 1640 qua
1549 1588 1663 1632 infra

234 1658 509 1711 disseremUS,
544 1669 682 1712 neque
715 1657 855 1700 minus
888 1657 1045 1701 Atossa
1076 1660 1221 1711 putat,
1255 1670 1412 1702 numen
1445 1659 1661 1713 quoddam

235 1730 428 1773 divinum
457 1729 695 1773 Persarum
741 1729 906 1772 animos
953 1729 1208 1772 obcaecasse
1252 1734 1296 1773 et
1327 1743 1420 1774 esse
1461 1731 1506 1773 in
1536 1731 1663 1786 eulpa

238 1801 376 1845 cladis
412 1801 469 1857 (v.
505 1801 633 1857 724);
666 1803 711 1844 et
741 1800 904 1844 Darius
936 1802 1027 1855 ipse
1059 1801 1255 1845 concedit
1283 1814 1442 1845 numen
1473 1802 1663 1846 divinum

240 1873 432 1916 animum
463 1872 631 1916 Xerxes
677 1873 910 1925 excitasse,
962 1869 1105 1925 ,,ὡ’στε
1146 1868 1213 1930 μή
1260 1882 1447 1931 φρονεῖν
1493 1874 1662 1923 καλῶς“

238 1947 295 2001 (v.
332 1944 450 2002 725).
516 1943 602 1988 Sed
634 1944 765 1999 paulo
805 1947 957 1999 postea
988 1943 1148 1988 Darius
1185 1944 1312 2001 huJus
1349 1945 1664 1991 obcaecationis

234 2021 279 2059 et
313 2016 612 2060 calamitatum
643 2013 790 2059 veram
823 2028 996 2059 causam
1028 2017 1274 2070 ostendens,
1306 2021 1485 2072 propter
1506 2018 1685 2062 Xerxis·

233 2089 445 2132 nefariam
477 2087 705 2130 audaciam
734 2087 1066 2141 superbiamque
1097 2091 1227 2142 atque
1257 2089 1301 2131 in
1333 2089 1435 2132 deos
1466 2089 1662 2143 impieta-

235 2164 336 2213 tem,
367 2160 443 2214 ait,
475 2159 636 2203 Persas
667 2158 869 2203 incidisse
901 2159 945 2203 in
962 2162 1027 2203 tot
1058 2162 1286 2215 tantasque
1304 2160 1512 2205 miserias.
1551 2159 1671 2204 Vide·

233 2232 354 2275 Pers.
387 2243 427 2276 v.
463 2233 721 2274 743-751:

236 2303 350 2356 ,,νῦν
385 2302 533 2346 κακῶν
564 2303 679 2345 ἔοικε
711 2297 837 2360 πηγή
872 2301 1016 2346 πᾶσιν
1047 2299 1281 2361 ηΰρῆσθαι
1315 2303 1477 2360 φίλοις.

236 2381 348 2424 παῖς
383 2368 421 2418 δ’
453 2369 568 2432 ἐμός
599 2367 700 2417 τάδ’
732 2368 788 2417 οὐ
819 2368 1036 2421 κατειδαὶε
1066 2370 1238 2430 ἤνυσεν
1268 2375 1354 2434 νέῳ
1386 2371 1576 2433 θράσει·

236 2444 364 2495 ὅστις
394 2442 749 2502 Ἑλλήσποντον
780 2439 881 2503 ἱρόν
914 2444 1080 2491 δοῦλον
1113 2444 1171 2496 ὥς
1205 2442 1492 2505 δεσμώμασιν

232 2514 402 2573 ἤλπισε
435 2511 622 2576 σχήσειν
654 2516 837 2574 ῥέοντα,
870 2513 1122 2575 Βόσπορον
1153 2514 1263 2577 ῥόον
1293 2517 1433 2562 θεοῦ·

237 2592 310 2631 καὶ
341 2584 492 2645 πόρον
522 2586 883 2645 μετερρύθμιζε,
914 2592 988 2632 καὶ
1020 2589 1183 2639 πέδαις
1215 2585 1523 2646 σφυρηλάτοις

234 2655 498 2718 περιβαλών
530 2653 711 2715 πολλήν
741 2659 967 2704 κέλευθον
995 2657 1169 2717 ἤνυσεν
1199 2660 1350 2719 πολλῷ
1383 2662 1579 2719 στρατῷ,

234 2727 416 2787 θνητός
450 2728 514 2776 ὦν
546 2731 672 2774 θεῶν
705 2730 752 2774 δὲ
786 2728 978 2776 πάντων
1012 2729 1126 2788 ᾤετ’,
1159 2729 1241 2776 οὐκ
1273 2728 1531 2792 εὐβουλι’ᾳ,,

232 2805 307 2847 καὶ
343 2802 636 2852 Ποσειδῶνος
667 2798 927 2861 κρατήσειν.
962 2804 1058 2852 πῶς
1091 2800 1192 2849 τάδ’
1223 2799 1279 2848 ου’
1312 2801 1452 2854 νόσος
1485 2806 1666 2863 φρενῶν

234 2873 325 2933 εἶχε
360 2868 487 2919 παῖδ’
518 2870 680 2931 ἐμόν“.
