1855 3214
878 192 929 233 15

199 320 451 386 Artabanus.
464 320 723 374 dissuadeat,
755 332 892 375 neque
916 324 1074 375 tamen,
1108 331 1241 377 quum
1272 320 1419 364 eadem
1451 320 1616 363 somnia

200 393 401 448 vidisset,
449 391 592 437 facere
647 395 818 448 posest,
870 393 972 448 quin
1012 392 1139 437 cedat
1185 388 1362 437 deorum
1404 391 1617 436 voluntati

201 465 332 522 (VIL,
368 463 455 523 17).
502 464 596 508 Diis
627 465 773 519 igitur,
813 465 886 519 qui
916 466 1071 509 Persas
1103 465 1279 509 mittant
1308 467 1458 508 contra
1481 462 1614 508 Grae-

200 547 284 590 cos,
303 539 383 579 'est
409 535 713 581 attribuendus
743 536 846 580 belli
878 537 1042 580 exitus:
1076 536 1193 594 (VII,
1228 536 1314 592 15.)
1346 537 1415 588 ,,εἰ
1433 529 1617 584 divae&

202 610 298 653 ἐστι
329 603 357 651 o‘
388 610 669 666 ἐπιπέμπων
700 611 772 652 καὶ
804 610 845 652 οἱ
877 603 1064 658 πάντως
1097 612 1146 652 ἐν
1178 603 1326 668 ἡδονῇ
1357 610 1453 653 ἐστι
1482 606 1613 667 γενέ-

203 684 317 725 σθαι
351 679 685 738 στρατηλασίην
717 683 792 724 ἐπὶ
825 675 914 736 τήν
943 676 1183 734 ‘Etmanes‘
1218 696 1256 725 κ.
1289 697 1331 723 τ.
1365 680 1403 723 λ.

321 753 474 807 Itaque
504 753 669 797 Xerxes
710 755 756 797 et
793 752 994 808 superbia
1045 752 1158 807 (VII.
1190 757 1228 806 8,
1262 753 1284 809 ἓ
1319 756 1362 807 3)
1403 755 1448 796 et
1488 764 1616 807 opum

203 825 510 883 copiarumque
539 825 670 869 nimia
698 824 957 870 confidentia
993 824 1100 869 adeo
1133 824 1399 877 obcaecatus,
1432 828 1481 867 ut
1510 825 1615 869 Hel-

203 896 442 952 lespontum
474 897 677 952 castigari
703 896 854 952 jubeat
898 908 1034 951 neque
1080 896 1287 951 prodigiis
1325 895 1378 940 ab
1419 896 1616 940 instituto

202 969 338 1023 possit
354 968 591 1014 absterreri
606 970 736 1028 (VIL,
757 973 810 1014 35
835 972 880 1013 et
899 969 990 1025 57),
1007 969 1097 1012 ruit
1117 969 1160 1012 in
1179 969 1425 1024 perniciem.
1460 968 1618 1014 Classis

205 1053 332 1095 porro
369 1042 600 1086 Persarum
644 1054 721 1096 per
766 1045 855 1085 tres
905 1042 995 1085 dies
1040 1044 1297 1096 tempestate
1337 1040 1618 1096 procellisque

206 1113 404 1169 turbidis,
439 1126 546 1172 quas
580 1113 640 1157 dii
671 1113 861 1168 mittunt,
896 1112 1010 1171 (VII,
1032 1117 1146 1167 178),
1178 1112 1422 1157 foedissime
1438 1117 1620 1158 vexatur

207 1189 335 1240 atque
358 1198 495 1241 paene
513 1186 701 1239 deletur;
728 1197 862 1240 quem
878 1186 934 1228 ad
953 1185 1093 1238 finem,
1127 1185 1231 1228 dicit
1246 1185 1337 1240 ipse
1353 1185 1619 1229 Herodotus:

209 1256 349 1314 (VIII,
386 1258 471 1313 13.)
511 1253 752 1311 ,,ἒποιεέτο’
784 1274 833 1300 τε
864 1257 962 1300 πᾶν
992 1252 1087 1300 dno*
1129 1258 1214 1300 τοῦ
1243 1258 1374 1310 θεοῦ,
1420 1253 1532 1305 ὅκως
1563 1255 1622 1301 ἄν

210 1328 445 1386 ἐξισωθείη
475 1329 539 1386 τῴ
568 1324 816 1386 Ἑλληνικῷ
847 1324 908 1373 τό·
921 1324 1152 1386 Περσικόν
1168 1327 1286 1387 μηδὲ
1311 1328 1462 1387 πολλῷ
1481 1328 1623 1373 πλέον

210 1400 318 1457 εἴη“.
380 1401 539 1454 Quanti
569 1404 714 1445 autem
745 1400 988 1444 Herodotus
1028 1400 1136 1443 illud
1185 1400 1362 1445 deorum
1409 1400 1621 1445 auxilium

209 1472 371 1526 fecerit,
400 1473 492 1528 Jam
523 1485 572 1516 eo
604 1473 751 1527 liquet,
799 1473 913 1527 quod
953 1473 997 1516 in
1029 1472 1264 1516 maritimis·
1302 1473 1435 1528 copiis
1487 1477 1623 1517 totam

210 1543 420 1589 Graeciae
451 1545 635 1588 salutem
667 1557 761 1588 esse
791 1545 974 1600 positam
1004 1547 1180 1599 putaret
1210 1544 1325 1601 (VII,
1361 1548 1474 1599 139).

327 1617 426 1661 Jam
458 1629 559 1661 vero
592 1616 702 1661 illud
734 1629 903 1675 quoque
935 1615 1211 1661 memorabile
1243 1620 1321 1671 est,
1353 1617 1466 1672 quod
1496 1620 1623 1672 pater

209 1689 415 1733 historiae
447 1689 589 1732 omnia
619 1689 821 1743 prodigia
853 1692 898 1731 et
929 1692 1030 1732 ante
1060 1700 1226 1743 pugnas
1248 1692 1293 1733 et
1308 1689 1459 1743 inipso
1479 1702 1625 1733 rerum

211 1760 456 1805 discrimine
487 1760 603 1805 facta
635 1760 961 1814 diligentissime
992 1760 1170 1814 profert.
1234 1760 1389 1814 Itaque
1421 1765 1522 1805 ante
1547 1773 1624 1816 pu-

210 1845 339 1888 gnam
371 1832 650 1877 Salaminiam
683 1838 849 1876 terram
880 1835 1039 1876 motam
1070 1844 1164 1875 esse
1196 1833 1427 1876 memoriae
1444 1834 1627 1877 tradidit

212 1904 350 1963 (VIII,
386 1904 487 1961 64).
551 1904 737 1948 Dicaeus
768 1916 897 1958 porro
932 1904 1203 1947 Atheniensis
1235 1917 1287 1947 ex
1317 1905 1495 1959 pulvere
1533 1909 1627 1949 tan·

211 1988 341 2032 quam
373 1975 427 2020 ab
460 1976 676 2020 hominum
717 1975 959 2030 frequentia
989 1976 1177 2020 excitato
1217 1979 1261 2019 et
1292 1988 1344 2020 ex
1375 1976 1528 2021 festivo
1560 1990 1626 2021 so—

211 2049 306 2094 nitu
357 2062 381 2094 e
423 2048 652 2103 longinquo
701 2047 903 2092 exaudito
944 2047 1177 2092 Persarum
1223 2048 1370 2093 classis
1415 2049 1628 2104 praedicit

213 2125 403 2177 stragem
434 2112 563 2180 atque
594 2120 846 2176 perniciem:
880 2120 1017 2177 (VIII,
1054 2119 1127 2179 65)
1158 2116 1268 2165 τάδε
1307 2116 1393 2180 γάρ
1435 2118 1625 2181 α’ρίδηλα

212 2191 389 2254 ἐρήμου
420 2189 582 2251 ὲόύσης
605 2194 690 2252 τῆς
720 2189 952 2249 Ἀττικῆς,
1002 2189 1075 2237 ὅτι
1108 2193 1232 2237 θεῶν
1262 2192 1318 2237 τό
1365 2190 1625 2254 φθεγγόμε-

212 2271 310 2321 νοῑν,
354 2259 437 2311 εἶπ’
472 2260 732 2315 Ἐλευσῖνος
775 2263 849 2310 ι’ὀν
890 2269 935 2316 ἐς
978 2265 1202 2324 τιμωρίην
1233 2260 1532 2324 Ἀθηναίοισί
1575 2284 1626 2312 τε

213 2342 287 2384 καὶ
327 2345 446 2384 τοῖσι
488 2336 809 2398 συμμάχοισι“.
874 2336 946 2396 (cf.
989 2337 1108 2393 VIII,
1154 2342 1209 2383 77
1245 2342 1290 2383 et
1328 2342 1417 2395 94.)
1476 2338 1626 2395 Neque

213 2412 353 2456 minus
384 2411 652 2456 Plataeensis
698 2423 867 2467 pugnae
915 2411 975 2455 dii
1021 2411 1242 2455 adducunt
1314 2411 1471 2455 bonum
1501 2425 1628 2457 even-

164 2503 167 2506 ·
213 2488 305 2528 tum
367 2484 505 2542 (VIII,
559 2487 665 2538 1143
711 2483 784 2538 IX,
839 2486 894 2527 64
946 2486 990 2528 et
1032 2483 1141 2540 61.);
1206 2484 1289 2527 imo
1337 2495 1439 2527 vero
1491 2483 1627 2530 Grae-

215 2569 286 2601 cos
319 2557 464 2600 divina
495 2556 623 2611 fama,
657 2569 749 2600 rem
779 2567 984 2611 prospere
1016 2555 1074 2598 ad
1094 2555 1294 2600 Plataeas
1323 2559 1490 2610 gestam
1521 2569 1626 2612 esse,

215 2629 271 2674 ad
301 2628 474 2673 fortiter
503 2628 781 2685 pugnandum
813 2628 984 2681 excitat,
1016 2629 1065 2671 ut
1080 2626 1171 2671 fere
1204 2628 1266 2671 dii
1296 2628 1378 2683 ipsi
1397 2641 1476 2684 pro
1492 2628 1627 2674 Graes

215 2703 277 2747 eis
307 2714 521 2757 pugnasse
552 2702 781 2746 videantur
813 2701 907 2759 (IX,
944 2701 1071 2756 100.).
1107 2700 1192 2744 Sed
1211 2702 1313 2760 quid
1338 2702 1489 2754 longus
1504 2703 1626 2746 sum?

216 2775 340 2829 Quod
370 2774 498 2829 longa
528 2773 837 2829 quodammodo
869 2773 1062 2817 oratione
1085 2773 1275 2829 exposui,
1322 2773 1628 2819 Themistocles

216 2858 303 2891 una
335 2846 632 2900 complectitur
663 2845 896 2890 sententia:
930 2845 1068 2902 (VIII,
1104 2846 1219 2903 109.)
1251 2842 1337 2900 ,,τα’
1371 2846 1420 2891 δε
1449 2844 1535 2906 γάρ
1549 2843 1630 2891 οὐκ
