1855 3214
879 251 935 293 26

382 377 542 432 ,,οὐ’τοι
575 377 813 438 προδώσω·
846 375 920 423 ὃιοὶ
952 375 1110 429 τέλους
1144 375 1192 423 δέ
1227 396 1297 423 σοι
1332 374 1478 437 φύλαξ

383 448 515 512 ἐγγύς
545 447 780 510 παρεστώς
811 451 885 496 καὶ
918 447 1072 510 πρόσω
1105 446 1144 496 δ’
1175 446 1453 500 ἀποστατῶν
1483 507 1488 515 ,

384 527 589 583 ἐχθροῖσι
621 529 718 572 τοῖς
749 531 844 573 σοῖς
875 518 931 567 οὗ
961 519 1216 582 γενήσομαι
1248 518 1453 567 πέπων“.

233 595 317 653 (Cf.
348 595 470 639 Eum.
507 597 591 639 297
624 594 760 653 ibidq.
795 598 896 640 250.
929 598 974 639 et
1005 598 1105 639 403.
1138 598 1183 639 et
1214 594 1402 649 Ohoeph.
1434 594 1557 652 201.)

352 691 557 746 Juppiter
589 703 766 745 prorsus
812 691 903 734 sine
943 690 1030 733 ullo
1062 690 1222 744 labore,
1265 691 1356 733 sine
1394 690 1485 733 ulla
1526 695 1657 743 opera

231 763 373 805 omnia
414 762 640 805 voluntate
685 762 867 816 perficit.
930 761 1039 804 Vide
1067 762 1189 806 Eum.
1221 774 1260 805 v.
1296 765 1382 804 650
1412 764 1457 804 et
1490 764 1599 803 651:

430 868 440 878 .
475 866 486 877 .
521 828 604 886 „vd
639 827 677 875 δ’
709 829 823 875 ἄλλα
858 828 996 877 πάντ’
1029 830 1122 877 ὀῖνω
1155 850 1205 876 τε
1237 838 1310 876 καὶ
1341 827 1489 875 κάτω-

384 899 594 963 στρέφων
624 902 819 960 τίθησιν
851 899 987 948 οὐδὲν
1019 899 1290 961 α’σθμαίνων
1319 898 1492 962 μένει“.

227 1005 272 1045 et
307 1000 457 1056 Suppl‚
489 1014 530 1045 v.
567 1004 653 1046 598
688 1002 732 1043 et
765 1003 872 1044 599:

442 1069 668 1130 ,,πάρεστι
701 1066 740 1114 δ’
769 1075 901 1128 ἔργον
933 1066 990 1119 αἷς
1023 1071 1134 1119 ἔπος

440 1142 635 1201 σπεῦσαί
665 1159 712 1187 τι
743 1140 835 1187 τῶν
866 1137 1052 1200 βούλιος
1085 1136 1210 1201 φέρει
1245 1137 1408 1200 φρήν·ο

223 1239 326 1288 ibid.
359 1252 398 1284 v.
431 1243 489 1284 90
521 1242 567 1283 et
601 1242 684 1283 91:

377 1312 574 1370 ,,πι’πτει
609 1305 647 1355 δ’
680 1306 880 1368 οἷσφαλὲς
911 1304 1007 1353 οὐδ’
1039 1313 1115 1355 ἐπὶ
1147 1304 1289 1368 νώτῳ,

371 1374 551 1441 κορυφᾷ
582 1383 693 1433 Διος
723 1383 762 1426 εἰ
793 1382 977 1441 κρανθῇ
1020 1381 1213 1441 πρᾶγμα
1244 1377 1461 1427 τέλειον“.

222 1455 309 1512 (Cf.
339 1454 502 1499 ibidem
533 1467 573 1499 v,
609 1456 850 1508 95-100.)

335 1551 484 1606 Neque
526 1551 663 1594 secius
700 1550 852 1604 rejecit
890 1548 1130 1606 Aeschylus
1176 1561 1199 1592 e
1242 1550 1418 1592 deorum
1462 1550 1640 1606 concilio

217 1622 316 1665 lites
347 1623 556 1676 rixasque
589 1625 633 1665 et
664 1622 849 1680 mythos,
893 1620 1046 1674 quibus
1078 1621 1164 1664 tale
1197 1622 1299 1678 quid
1333 1622 1386 1664 de
1428 1622 1509 1665 diis
1549 1626 1637 1665 tra-

218 1694 356 1737 ditum
387 1698 497 1747 erat,
530 1694 809 1738 commutavit
838 1692 1164 1747 opprobriisque
1197 1693 1298 1736 deos
1331 1692 1520 1737 liberare
1543 1697 1632 1737 stu-

217 1764 323 1807 duit.
387 1765 498 1808 Vide
530 1765 652 1808 Eum.
688 1777 728 1808 v.
761 1767 877 1807 4-7
893 1777 903 1806 ε

826 1867 1029 1888 ......
1035 1838 1085 1879 ἐν
1116 1834 1163 1879 δὲ
1195 1836 1260 1893 τῷ
1291 1835 1427 1894 τρίτῳ

334 1903 477 1968 λάχει,
511 1905 752 1965 θελούσης,
787 1903 917 1951 οὐδὲ
949 1905 1093 1966 πρός
1124 1907 1265 1966 βίαν
1296 1905 1468 1960 τινός,

345 1979 537 2028 Τιτανὶς
570 1976 684 2036 ἄλλη
717 1987 827 2029 παῖς
859 1976 1056 2028 Χθονός
1088 1975 1327 2035 καθέζετο,

302 2105 312 2110 -
340 2050 545 2109 diuam-⁴⁴

333 2147 443 2195 Aliis
476 2147 580 2192 locis
614 2150 879 2202 spectatores
919 2151 1049 2202 poeta
1086 2147 1259 2190 videtur
1298 2148 1543 2202 admonere,
1590 2152 1639 2192 ut

210 2217 518 2274 considerent,
584 2220 686 2278 quid
739 2221 831 2264 veri
894 2220 1004 2265 tales
1060 2219 1198 2276 mythi
1257 2219 1497 2275 praebeant
1512 2255 1524 2279 ‚
1585 2224 1634 2265 ut

210 2291 357 2347 SuppL
393 2292 502 2337 295:

347 2362 444 2423 ,,μη“
476 2363 551 2407 καὶ
583 2359 716 2423 λόγος
747 2380 818 2414 τις
850 2361 988 2421 Ζῆνα
1020 2365 1256 2423 μιχθῆναι
1287 2366 1503 2425 βροτῷ“,·

208 2440 253 2480 et
281 2437 433 2492 Agam.
466 2449 505 2480 v.
545 2437 682 2479 1203:

385 2513 515 2567 ,,μῶν
559 2508 633 2552 καὶ
665 2502 780 2557 θεός
815 2524 901 2566 περ
936 2503 1076 2566 ἱμέρῳ
1116 2503 1487 2570 πεπληγμέν“ος“5

325 2581 409 2638 (Cf.
441 2579 566 2625 Eum.
600 2593 639 2626 v.
676 2583 909 2624 640-643
942 2584 986 2624 et
1019 2580 1289 2637 723—728.)

322 2677 579 2727 Enimvero.
619 2677 701 2721 etsi
733 2678 777 2720 in
808 2676 1054 2721 fabularum
1087 2677 1270 2722 decursu
1300 2678 1509 2732 ejusmodi
1538 2690 1629 2734 my-

202 2748 300 2793 thos
333 2752 382 2792 ut
416 2762 541 2793 veros
573 2749 781 2792 tractavit
810 2753 960 2803 poeta,
993 2749 1133 2793 elucet
1163 2753 1321 2804 tamen,
1352 2762 1449 2794 eum
1481 2749 1535 2794 de
1565 2749 1632 2804 his

199 2820 330 2866 rebus
369 2821 647 2867 vehementer
680 2821 914 2875 dubitasse,
947 2833 1082 2876 neque
1104 2826 1180 2869 est
1210 2824 1365 2877 poetae
1404 2817 1630 2867 dramatici
1669 2869 1679 2880 ,

197 2893 395 2947 pluribus
416 2894 585 2948 mythos
605 2906 778 2947 vexare,
800 2906 935 2948 quare
957 2906 1052 2937 cum
1072 2894 1311 2948 Welcker0,
1344 2894 1417 2948 qui
1439 2889 1628 2955 AeSchy·
