1855 3214
908 277 960 318 10

228 418 319 451 mas
349 403 553 449 victorias
583 404 783 458 celebret,
817 405 1060 459 aequalium
1079 405 1242 448 animos
1272 404 1328 451 ad
1359 415 1451 448 rem
1475 410 1645 460 semper

228 479 399 522 fortiter
428 476 676 531 gerendam,
710 488 844 531 neque
876 477 1015 520 minus
1047 488 1140 529 eos,
1188 487 1317 530 quum
1356 476 1642 520 01111119,νοωο-

227 551 418 594 lumenta
452 549 532 592 diis
567 548 736 592 tribuat
760 560 1012 604 omnemque
1033 547 1282 593 felicitatem
1315 547 1396 592 diis
1423 550 1640 603 acceptam

227 623 410 675 referat,
455 621 511 663 ad
561 621 849 664 humilitatem
881 621 1058 665 adducit
1101 624 1146 664 et
1192 620 1368 666 deorum
1413 619 1637 675 pietatem.

228 694 467 750 Compescit
504 693 629 736 simul
659 694 834 738 nimiam
865 693 1019 738 virium
1052 692 1354 741 confidentiam
1386 692 1642 747 nimiamque

222 768 405 821 gloriae,
438 766 651 818 regnandi
682 778 973 819 novarumque
1004 778 1149 809 rerum
1187 766 1485 819 cupiditatem,
1533 776 1642 818 quae

224 852 273 883 eo
291 843 481 893 tempore
500 837 661 892 passim
676 838 868 892 grassari
891 838 1034 893 coepit
1055 838 1345 893 optimumque
1363 837 1428 881 rei
1447 835 1643 892 publicae

223 914 383 952 statum
415 921 508 952 esse
540 920 745 952 eversura
776 909 1087 964 videbatur.²⁰)

440 1041 464 1096 ξ
497 1043 535 1082 2.
599 1039 662 1083 De
692 1039 894 1084 Heroditi
926 1039 1195 1093 ‚,Musarum“
1230 1040 1424 1086 consilio.

338 1125 432 1169 Iam
463 1124 595 1168 vertit
615 1123 752 1176 oratio
785 1124 841 1167 ad
859 1123 1141 1179 Herodotum,
1174 1127 1223 1168 ut
1246 1136 1375 1180 quam
1387 1122 1638 1168 brevissime

218 1198 522 1251 investigemus
554 1197 646 1251 ejus
677 1197 819 1251 operis
851 1196 1073 1240 consilium
1105 1200 1149 1240 et
1181 1210 1276 1241 cum
1307 1196 1509 1252 Aeschyli
1541 1207 1637 1240 con-

217 1271 418 1314 feramus.
491 1268 633 1323 Atque
674 1269 718 1311 in
755 1268 896 1323 operis
944 1268 1142 1323 ingressu
1190 1269 1362 1323 quidem
1409 1267 1639 1312 historicus

218 1347 363 1387 noster
394 1341 648 1395 primarium
689 1343 991 1394 argumentum
1030 1340 1337 1395 consiliumque
1378 1341 1536 1384 diserte
1575 1340 1638 1383 in-

219 1416 353 1458 dicat:
389 1413 440 1470 (1,
480 1413 536 1468 1).
569 1408 857 1470 ,,Ἠροδότου
882 1407 1261 1470 Ἁλικαρνησσέος
1292 1413 1492 1470 ἱστορίης
1521 1407 1638 1455 α’πό-

219 1487 333 1536 ὃεξις
364 1482 460 1541 η’δε,
494 1502 552 1534 ως
577 1481 694 1542 μήτε
725 1481 783 1527 τοὶ
814 1479 1033 1543 γενόμενα
1052 1487 1095 1534 ἐξ
1120 1480 1385 1542 ἀνθρώπων
1414 1485 1477 1527 τώ
1493 1480 1639 1544 χρόνῳ

217 1557 395 1614 ἐξίτηλα
427 1556 631 1616 γένηται,
679 1551 801 1615 μήτε
832 1558 938 1616 ἔργα
972 1551 1148 1616 μεγαλα
1180 1573 1229 1601 τε
1261 1559 1335 1603 καὶ
1371 1551 1637 1614 θωυμαστοέ,

216 1625 281 1672 vo?
313 1628 460 1687 μὲνΙ’
461 1624 684 1685 Ἐλλησι
731 1626 794 1672 τοὶ
843 1629 899 1673 δὲ
946 1624 1300 1687 βαρβαροισι
1349 1624 1458 1673 α’πο
1508 1627 1637 1688 δεχ-

216 1699 432 1753 θεντα,
467 1695 665 1744 οἷκλεέα
697 1699 953 1759 γένηται,
993 1716 1057 1744 τα
1092 1716 1148 1744 τε
1181 1697 1319 1746 ἄλλα
1349 1704 1443 1745 καὶ
1475 1694 1538 1744 δι’
1576 1696 1639 1757 ἢν

216 1775 415 1829 αἰτίην
448 1772 820 1830 ἐπολέμησαν
853 1767 1277 1830 οἷλλήλοισι“”).

334 1844 419 1887 Res
452 1845 588 1898 igitur
620 1847 664 1887 et
696 1857 722 1887 a
746 1843 925 1888 Graecis
957 1847 1007 1904 et.
1032 1858 1059 1888 a
1090 1843 1288 1889 barbaris
1318 1848 1465 1899 gestas
1496 1849 1541 1888 et
1571 1856 1635 1898 ea,

214 1928 325 1969 quae
356 1917 494 1959 mutui
534 1915 638 1960 belli
683 1929 855 1960 causam
894 1916 1200 1971 praebuerint,
1248 1929 1461 1971 exponere
1506 1920 1636 1972 atque

213 1988 444 2031 memoriae
476 1989 653 2032 tradere
686 1989 914 2032 historicus
946 1989 990 2032 in
1022 1989 1165 2033 animo
1186 1987 1351 2034 habuit.
1415 1990 1508 2042 Quo
1538 2000 1635 2044 pro—

215 2060 352 2102 oemio
384 2061 625 2114 praemisso
657 2061 721 2104 ita
752 2061 940 2104 instituit
970 2073 1093 2103 suum
1123 2061 1401 2117 propositum,
1432 2064 1482 2103 ut
1513 2061 1635 2104 dissi-

213 2132 383 2175 diorum
416 2132 694 2187 rixarumque
732 2133 847 2177 inter
884 2131 1072 2176 Graecos
1113 2136 1158 2175 et
1187 2132 1344 2177 Persas
1385 2132 1453 2175 vel
1490 2132 1632 2191 potius

212 2204 341 2247 Asiae
371 2204 533 2248 incolas
583 2217 734 2249 causas
772 2208 992 2260 repeteret
1039 2204 1140 2248 inde
1185 2204 1240 2249 ab
1273 2216 1377 2248 aevo
1415 2203 1630 2248 fabuloso:

207 2275 234 2318 J
237 2275 286 2319 fis
319 2280 493 2330 raptum
524 2290 550 2320 a
566 2275 865 2331 Phoenicibus,
896 2277 1098 2331 Europae
1130 2289 1157 2322 a
1179 2275 1355 2320 Graecis
1373 2301 1431 2310 --
1459 2279 1511 2319 ut
1540 2277 1631 2331 ipse

206 2348 410 2402 opinatur
440 2362 466 2392 a
500 2348 907 2395 Cretibus-Medeae
939 2348 994 2394 ab
1026 2348 1178 2394 iisdem
1198 2352 1418 2405 patratum
1450 2361 1630 2394 comme-

206 2424 359 2464 morat.
435 2420 516 2464 Cui
546 2422 659 2466 hunc
700 2423 838 2467 locum
880 2422 1042 2477 legenti
1090 2434 1175 2467 non
1214 2422 1332 2466 venit
1368 2422 1414 2465 in
1446 2426 1632 2468 mentem

301 2576 349 2625 ¹⁰)
375 2576 720 2615 VideE.Gurtium:
747 2577 1092 2622 ‚,Griech.Gesch.“
1116 2577 1300 2625 ILAusg.
1317 2576 1630 2626 v01.11.p.262sq.

299 2636 349 2683 ²¹)
379 2639 607 2684 Quamquam
634 2642 730 2683 sunt,
781 2640 843 2686 qui
881 2638 979 2675 hunc
1003 2638 1124 2674 locum
1161 2640 1325 2687 spurium
1367 2639 1530 2676 habeant
1552 2638 1629 2688 ,(οῐ.

204 2696 404 2732 Baehrium
435 2699 483 2733 ad
508 2699 543 2735 h.
570 2699 593 2734 l.
617 2700 648 2737 Ι.
673 2711 708 2746 p.
734 2699 770 2747 3)
798 2702 963 2735 nostrum
1003 2701 1126 2735 tamen
1159 2699 1374 2737 historicum
1410 2700 1626 2748 ‘perfectum

204 2759 316 2801 atque
359 2758 566 2794 absolutum
600 2770 693 2806 opus
721 2759 829 2796 edere
853 2759 1025 2802 voluisse,
1058 2759 1137 2795 nihi
1158 2771 1375 2807 persuasum
1408 2762 1629 2811 est;quu1n

204 2818 325 2850 autem
352 2817 539 2853 exordium
564 2819 816 2856 Herodoteum
843 2822 1026 2865 congruat
1049 2820 1107 2855 vel
1141 2820 1297 2857 maxime
1339 2832 1422 2857 cum
1445 2820 1629 2856 Hecataei

204 2877 239 2908 et
265 2875 508 2921 Ἰὴυογᾱίᾱὶε,
558 2879 684 2914 nescio
712 2891 784 2924 quo
811 2880 897 2925 jure
930 2878 983 2914 illi
1019 2878 1229 2925 opinionem
1271 2891 1374 2916 snam
1412 2864 1651 2933 confirmare·

201 2934 356 2979 possint
