1855 3214
894 259 948 299 22

210 390 466 443 opinionem,
487 390 603 432 deos
627 390 821 432 humana
849 388 989 432 foma
1018 398 1112 431 esse
1142 387 1362 443 praeditos
1375 421 1385 441 ,
1411 400 1631 435 aversans

211 462 444 515 contendit,
479 460 602 504 deos
598 472 697 504 uon
727 472 820 504 esse
840 459 1030 514 genitos.
1043 458 1097 517 ⁸²)

325 526 410 570 Est
450 532 619 575 omnino
672 532 746 575 illa
787 534 909 575 aetas
952 518 1242 574 memorabilis
1294 531 1423 585 atque
1453 530 1631 584 insignis

208 597 446 645 animorum
478 603 732 657 alacritate3
764 614 910 647 omnes
941 602 1054 646 enim
1085 604 1217 656 artes,
1250 612 1395 647 omnes
1423 602 1631 648 scientiae

209 672 541 730 disciplinaeque
603 675 759 719 mirum
820 677 1029 730 quantum
1091 673 1226 718 excoli
1286 677 1464 730 caeptae
1517 678 1630 721 sunt.

208 743 371 796 Quibus
401 746 626 790 conatibus
656 750 702 790 et
730 747 971 791 animorum
987 745 1343 799 contentionibus,
1374 747 1629 802 praesertim

208 827 337 870 quum
367 816 575 875 Athenas,
607 819 821 870 communi
853 818 1070 864 libertatis
1099 818 1222 862 hoste
1254 818 1443 874 devicto,
1489 818 1630 863 erudi-

208 887 398 933 tissimus
412 892 592 945 quisque
613 895 819 946 tanquam
850 892 907 935 ad
923 894 1220 934 mercaturam
1240 891 1453 935 bonarum
1473 892 1633 936 artium

202 958 566 1017 proficisceretur,
597 962 860 1022 Aeschylum
891 962 1019 1017 plane
1050 961 1225 1016 afuisse,
1256 962 1328 1005 vix
1360 965 1427 1007 est
1456 962 1634 1007 creden-

207 1030 320 1075 dum.
380 1034 541 1078 -Refuto
573 1047 689 1089 sane,
719 1035 834 1089 quod
867 1034 1018 1079 Cicero
1050 1034 1192 1091 (Tusc.
1224 1034 1282 1087 II,
1320 1034 1392 1089 10)
1439 1035 1629 1093 Aeschy-

207 1103 295 1147 lum
326 1117 412 1149 non
450 1110 624 1161 poetam
662 1108 800 1150 solum
834 1107 914 1150 sed
955 1105 1276 1162 Pythagoreum
1323 1107 1454 1150 etiam
1498 1106 1630 1151 fuisse

206 1174 368 1219 dixerit
387 1199 402 1229 ,ι
443 1190 582 1232 neque
628 1179 769 1222 minus
815 1179 1034 1222 consentio
1087 1190 1183 1221 cum
1228 1178 1497 1236 Haymi0,³⁸)
1557 1179 1630 1232 qui

202 1245 481 1293 Valckenarii
526 1250 791 1305 opinionem,
845 1249 1106 1308 Aeschylum
1152 1249 1437 1303 Anaxagorae
1486 1252 1629 1294 sectae

203 1319 424 1364 addictum
455 1321 602 1375 fuisse,
643 1322 819 1367 refellit.
881 1322 1112 1365 Enimvero
1142 1321 1250 1365 nihil
1281 1322 1390 1366 certi
1420 1321 1543 1365 nobis
1568 1321 1628 1365 :de

203 1390 409 1451 Aeschyli
440 1393 695 1438 educatione
724 1396 791 1437 est
822 1393 1053 1448 traditum,
1099 1393 1277 1437 credere
1308 1396 1453 1437 tamen
1481 1405 1628 1449 possu—

205 1473 322 1517 mus,
366 1477 462 1508 eum
493 1467 608 1509 omni
638 1478 732 1509 esse
764 1464 936 1509 liberali
973 1465 1215 1509 eruditione
1246 1466 1492 1509 institutum
1522 1465 1628 1509 mul»

205 1537 335 1589 taque
369 1537 505 1581 aetati
556 1540 686 1591 atque
733 1537 987 1591 aequalibus
1028 1536 1117 1580 suis
1149 1536 1318 1582 debere.
1397 1537 1424 1580 J
1427 1550 1497 1580 am
1527 1549 1628 1581 vero

204 1609 378 1659 poetam
422 1612 616 1652 nostrum
654 1608 875 1651 initiatum
915 1607 1048 1651 fuisse
1079 1607 1325 1665 mysteriis,
1368 1620 1428 1651 -ex
1466 1609 1631 1652 Aristo-

206 1677 361 1732 phanis
391 1679 588 1724 versibus
619 1680 785 1734 (Ranae
818 1682 904 1724 886
937 1682 982 1723 et
1013 1682 1098 1723 887
1129 1679 1200 1736 B.)
1233 1679 1384 1734 conjici
1415 1680 1526 1724 lice't.

353 1748 601 1810 ,Λήμητερ
631 1749 662 1809 ἠ
694 1752 914 1811 θρέψασα
945 1746 1034 1808 τήν
1067 1745 1189 1809 ἐμήν
1219 1750 1364 1808 φρένα

354 1821 474 1867 εἶναι’
501 1841 562 1882 με
593 1823 688 1868 τῶν
719 1824 811 1869 σῶν
844 1820 973 1873 ἄξιον
1003 1821 1315 1880 μυστηρι’ων“.

328 1894 470 1948 Atque
502 1896 617 1939 idem
648 1895 739 1939 fere
777 1899 845 1939 est
886 1894 1113 1939 dicendum
1157 1895 1210 1937 de
1241 1893 1452 1939 Herodoti
1489 1896 1633 1939 erudi-

212 1965 328 2009 tione
358 1977 496 2020 neque
527 1969 671 2021 potest
701 1967 865 2021 negari,
897 1966 1051 2019 virum,
1091 1965 1165 2019 qui
1196 1968 1333 2009 totum
1363 1965 1455 2010 fere
1486 1965 1634 2010 orbem

210 2041 429 2081 terrarum
458 2039 848 2093 perlustrasset,³⁹)
901 2039 1045 2081 studia
1092 2038 1416 2091 animorumque
1460 2042 1633 2083 conten-

212 2109 351 2152 tiones
382 2122 486 2154 suae
517 2110 675 2156 aetatis
726 2110 989 2165 cognovisse.
1066 2108 1262 2164 Namque
1312 2122 1479 2164 earum,
1523 2122 1632 2165 quae

297 2312 345 2359 87)
372 2314 458 2354 vid.
481 2314 621 2351 Euseb.
645 2314 782 2361 Praep.
807 2322 937 2359 evang.
962 2312 1048 2355 XII,
1073 2323 1110 2360 p.
1135 2312 1215 2348 678.

416 2373 489 2418 „esc
511 2375 597 2411 θεὸς
622 2374 658 2410 ἵν
680 2388 719 2410 ἰε
743 2375 865 2410 θεοῖσι
890 2377 948 2409 καὶ
973 2370 1202 2419 ἀνθρώποισι
1226 2375 1389 2419 μέγιστος

421 2433 503 2471 οὔτε
528 2433 634 2480 δέμας
657 2435 827 2479 θνητοῖσι
851 2431 937 2479 ὅμοι
925 2433 1034 2469 linco
1038 2430 1099 2467 εἶτε
1122 2430 1275 2477 νοῆμα“.

213 2495 250 2529 et
272 2492 428 2530 Aristot.
477 2493 629 2532 Rhetor.
654 2493 704 2537 Π,
730 2493 787 2535 23,
813 2504 850 2539 p.
878 2492 979 2535 1399,
1016 2492 1051 2534 b,
1078 2490 1117 2527 6·
1153 2506 1210 2536 „oc
1205 2490 1256 2528 ὀν
1288 2491 1487 2555 Ξενιιφιίνης
1508 2490 1633 2540 meysa*

214 2551 270 2589 ὅτι
296 2552 377 2599 duo:
368 2556 425 2591 ἴως’
448 2551 581 2601 οἷοεβου
582 2570 614 2590 σι
603 2568 637 2589 ιν
662 2569 695 2590 οι
692 2553 888 2600 ’γενέσθαι
912 2550 1104 2600 φάσκοντες
1125 2566 1187 2588 του
1183 2550 1209 2588 ’ς
1233 2551 1324 2588 θεοιῖ
1326 2564 1342 2588 ς
1372 2566 1430 2588 τοι
1416 2555 1450 2589 c
1480 2550 1631 2591 ἀποθα-

208 2627 258 2649 νει
263 2627 283 2648 ν
320 2613 494 2661 λέγουσιν·
526 2612 733 2661 αμφοτέρως
756 2613 823 2660 γάρ
849 2613 983 2660 συμβαί
967 2626 1032 2648 ιτει
1056 2626 1105 2657 μη
1137 2626 1165 2647 ει
1157 2611 1226 2647 τναι
1251 2626 1312 2648 του
1295 2611 1333 2648 υς
1369 2611 1461 2648 θεοό
1464 2625 1479 2649 ς
1509 2614 1620 2649 ποτέ*

213 2673 386 2709 Invenies
410 2674 478 2710 hos
503 2673 608 2709 locos
633 2684 691 2720 ap.
717 2673 876 2709 Brandis
901 2672 923 2707 l.
949 2672 972 2707 1.
998 2672 1027 2714 I,
1051 2683 1088 2718 p.
1113 2672 1194 2714 360,
1219 2672 1267 2710 N.
1292 2683 1324 2707 v.
1352 2674 1388 2708 et
1406 2683 1441 2709 x.
1468 2670 1633 2717 (efiibid.

206 2732 254 2770 N.
279 2732 338 2779 w.)
560 2757 563 2759 -

305 2792 385 2839 ⁸⁸‚)
390 2794 458 2836 ,De
484 2794 584 2830 divin
609 2804 729 2829 rerum
753 2803 813 2839 ap.
838 2790 1015 2837 Aeschyl.
1043 2790 1202 2827 condit‘t
1227 2802 1263 2838 p.
1291 2791 1348 2828 17.

310 2852 358 2901 ⁸⁹)
379 2854 466 2890 Vid.
492 2855 701 2897 Baebi-ium,
729 2853 785 2891 ed.
813 2853 875 2889 alt.
901 2852 968 2895 IV,
1009 2863 1046 2898 p.
1071 2851 1231 2897 423sqq.
1258 2853 1295 2888 et
1318 2838 1631 2895 Steinium‚13:in-

208 2913 284 2949 leit.
309 2924 346 2961 p.
375 2913 483 2960 l4sq.
