1855 3214
888 199 942 240 63

175 343 188 353 ·
202 338 285 385 quo
308 324 519 371 Sabaeoni
534 326 625 370 sine
656 326 747 370 ulla
777 340 919 379 causa,
940 328 1034 372 vnisi
1066 326 1180 386 quod
1211 326 1255 370 in
1271 325 1372 370 fatis
1386 329 1484 371 erat
1512 338 1612 371 eum

202 409 335 453 regno
365 397 547 454 privari2
572 397 690 441 venit
714 399 922 454 somnium
953 399 1140 444 suadens
1161 401 1210 442 ut
1238 397 1432 442 crimina*
1449 397 1617 443 nefaria

201 474 399 526 patraret
430 471 506 527 (II,
543 469 665 525 139):

204 536 386 596 ,,ἑδ“ο’κεε’
418 544 460 585 οἱ
490 538 633 599 ἄνδρα
675 537 931 587 ἐπιστάντα
968 538 1305 602 συμβουλεύειν
1345 537 1455 597 τούς
1495 543 1617 599 ἱρεάς

202 610 312 663 τούς
354 617 403 658 ἐν
434 609 657 673 Αἰγύπτῳ
700 613 973 664 συλλέξαντα
1015 609 1196 664 πάντας
1242 613 1412 672 μέσους
1458 611 1616 658 διατα-

195 683 345 742 μέειν·
395 679 555 729 ἰδόντα
584 684 631 730 δὲ
663 680 752 742 τήν
782 681 895 743 ὄψιν
935 682 1113 742 ταύτην
1153 684 1301 744 λέγειν
1346 679 1506 739 αὐτόν,
1557 681 1617 734 αἷς

201 752 437 813 πρόφασίν
468 759 509 800 οἱ
542 755 687 800 δοκέοι
727 753 907 813 ταῦτην
944 752 1055 805 τοῖς
1087 752 1230 805 θεούς
1276 751 1616 812 προδεικνύναι,

203 830 278 872 ἴνα
319 821 548 886 α’σεβήσας
595 827 697 887 περὶ
737 824 796 871 τοὶ
836 825 910 887 ἱροὶ
958 822 1099 872 κακόν
1150 845 1195 872 τι
1254 824 1371 888 πρός
1417 827 1543 872 θεῶν
1587 824 1619 883 ἢ

205 894 321 955 πρός
354 893 616 957 ἀνθρώπων
646 894 803 958 adeor*
852 896 998 945 οὔκων
1040 895 1252 957 ποιήσειν
1283 899 1456 943 ταῦτα·
1502 893 1617 942 α’λλοὶ

199 965 284 1029 γάρ
314 970 356 1013 οἱ
388 970 702 1027 ἐξεληλυθέναι
735 966 820 1016 τόν
856 966 1038 1031 χρόνον,
1073 965 1239 1014 ὁκόσον
1261 970 1512 1029 κεχρῆσθαι
1540 967 1614 1027 ὁὶρ-

202 1043 343 1097 ξαντα
361 1037 607 1099 Αἰγύπτου
639 1039 946 1102 ἐκχωρήσειν“.
1005 1044 1115 1088 Item
1129 1042 1384 1095 MycerinuS‚
1417 1041 1513 1096 pius
1535 1054 1612 1086 rex

201 1111 509 1167 Aegyptiorum
537 1114 713 1167 punitur
743 1113 905 1158 nullam
936 1113 988 1159 ob
1008 1114 1137 1159 aliam
1163 1125 1351 1166 causam,
1383 1113 1466 1156 nisi
1497 1115 1610 1168 quod

200 1195 285 1227 non
315 1183 492 1238 fecerat,
537 1196 645 1238 quae
676 1185 765 1229 fato
807 1189 933 1229 erant
973 1187 1205 1231 constituta
1246 1185 1319 1239 (ΙΙ,
1358 1185 1493 1241 133.);
1537 1189 1612 1239 ,,ε’κ

202 1253 249 1300 δὲ
282 1255 367 1300 τοῦ
400 1256 671 1316 χρηστηρίου
703 1253 826 1315 αὐτῷ
861 1254 1050 1315 δεύτερα
1084 1258 1240 1301 ἐλθεῖν
1262 1256 1469 1316 λέγοντα,
1502 1253 1612 1301 τού-

200 1343 293 1372 των
339 1331 485 1372 εἵνεκα
531 1332 602 1372 καὶ
642 1324 943 1387 συνταχύνειν
974 1324 1099 1385 αὐτῷ
1132 1324 1218 1373 τόν
1247 1328 1379 1388 βίον·
1438 1323 1493 1373 οὐ
1522 1325 1608 1388 γάρ

200 1400 394 1457 ποιῆσαί
418 1415 498 1459 μιν
527 1393 583 1444 τό
617 1397 756 1460 χρεών
785 1394 845 1458 ἦν
877 1396 1095 1446 ποιέεινιι·
1606 1436 1608 1438 »

317 1472 469 1526 Itaque
499 1476 728 1526 praecepta
757 1472 938 1530 moralia
968 1485 1053 1517 non
1085 1475 1176 1516 tam
1207 1473 1252 1516 in
1292 1473 1460 1516 homine
1497 1473 1608 1527 ejus-

198 1554 280 1597 que
311 1544 453 1588 animo
486 1556 615 1598 quam
646 1544 690 1588 in
716 1544 797 1589 fati
828 1543 1011 1588 decretis
1043 1544 1371 1600 constitutisque
1407 1543 1610 1589 videntur

197 1626 290 1659 esse
321 1616 486 1670 posita3
528 1616 717 1659 homines
757 1615 957 1659 videlicet
992 1616 1108 1669 ,iuste
1152 1620 1299 1671 agunt,
1352 1628 1482 1670 quum
1529 1616 1610 1659 fati

196 1687 431 1731 constituta
474 1687 714 1733 observent.
777 1687 920 1740 Quare
968 1687 1170 1732 sacerdos
1220 1687 1295 1732 illa
1341 1687 1475 1741 Timo,
1528 1688 1610 1731 etsi

196 1758 382 1811 patriam
424 1759 691 1813 prodiderat,
737 1772 763 1803 a
802 1754 961 1818 Pythia
1002 1758 1192 1802 criminis
1238 1763 1304 1803 est
1342 1758 1539 1802 absoluta
1553 1759 1609 1814 ⁸¹)

197 1829 290 1887 (VI,
325 1830 452 1885 135J:
493 1825 550 1887 „27‘
574 1841 577 1844 '
597 1830 644 1875 δὲ
677 1830 841 1887 Πυθίη
872 1826 960 1874 ου’κ·
984 1831 1034 1874 ἔα
1067 1830 1265 1888 (Τιμοῦν
1297 1825 1614 1890 καταχρήσασ-

181 1900 315 1959 θαι),
347 1902 487 1958 φᾶσαρ
523 1899 578 1947 ου’
615 1904 797 1961 Τιμοῦν
827 1901 942 1946 εἶναι
974 1897 1063 1958 τήν
1095 1901 1248 1958 αἰτίην
1274 1898 1467 1953 τούτων,
1499 1897 1611 1944 α’λλοέ

197 1973 292 2018 δεῖν
321 1969 408 2032 γάρ·
438 1971 693 2019 Μιλτιάδεα
729 1973 946 2019 τελευτᾶν
972 1971 1034 2032 μή
1078 1968 1142 2026 εὗ,
1192 1973 1396 2032 φανῆναί
1436 1976 1477 2018 οἱ
1519 1974 1610 2018 τῶν

197 2046 343 2089 κακῶν
404 2042 740 2104 κατηγεμόνα“.
803 2047 941 2099 Quum
978 2049 1119 2089 autem
1158 2046 1349 2089 homines
1390 2045 1471 2089 fati
1513 2058 1610 2090 con·

194 2118 348 2162 stituta
380 2117 490 2161 scire
523 2130 607 2161 non
639 2118 814 2172 possint,
847 2118 963 2161 haud
994 2118 1100 2162 adeo
1149 2122 1215 2161 est
1254 2118 1450 2172 hominis,
1493 2118 1609 2172 juste

197 2189 408 2243 beateque
436 2189 596 2243 vivere,
640 2201 722 2244 quo
754 2193 922 2244 spectat
952 2189 1057 2232 illud
1088 2189 1380 2233 Herodoteum
1424 2190 1477 2247 (I,
1511 2190 1608 2245 32):

196 2258 314 2305 οὕτω
349 2256 410 2305 ὦν
443 2255 474 2304 ὦ
508 2262 673 2319 Κροῖσε
718 2256 814 2306 ποῖν
847 2262 939 2305 ἐστὶ
974 2258 1224 2320 ἅνθρωπος
1265 2256 1524 2320 συμφορή“.
1567 2265 1611 2305 et

195 2332 310 2390 (VII,
344 2336 413 2387 49,
447 2333 469 2389 ἕ
507 2337 561 2388 1.)
594 2336 668 2388 ,,αἱ
702 2332 924 2390 συμφοραὶ
964 2333 1056 2377 τῶν
1097 2328 1361 2391 οἷνθρώπων
1403 2330 1609 2393 ἄρχουσι,

195 2406 268 2451 καὶ
301 2400 400 2451 οὐκὶ
432 2402 678 2464 ὤνθρωποι
710 2404 804 2451 τῶν
836 2400 1152 2464 συμφορέων“.

288 2608 334 2657 ⁸¹)
360 2606 403 2646 In
428 2608 495 2645 hos
523 2618 667 2655 quoque
703 2606 805 2644 locos
836 2605 926 2643 illud
950 2604 1218 2643 Herodoteum:
1259 2605 1358 2655 (VH,
1388 2610 1467 2657 152)
1511 2610 1606 2660 „3702

192 2667 231 2707 δὲ
257 2669 387 2718 όφείλω
412 2670 522 2716 λέγειν
546 2669 590 2705 τά
613 2667 795 2715 λεγόμενα,
820 2670 1015 2705 πείθεσθαί
1037 2669 1141 2716 γεμὲν
1167 2667 1209 2705 οὗ
1233 2669 1441 2709 παντάπασι
1467 2670 1609 2720 ὀφείλω,

175 2730 255 2780 ,καί
275 2744 338 2776 μοι
361 2727 468 2766 τοῦτο
492 2728 536 2764 τό
561 2727 648 2766 ἔπος
671 2729 777 2773 ἐχέτω
802 2728 838 2765 ἐς
861 2740 977 2765 παντα
997 2728 1141 2775 λογον“·
1167 2728 1239 2765 vim
1251 2729 1399 2775 habere,
1427 2743 1500 2769 non
1523 2743 1609 2780 pos-

191 2798 272 2826 sum
296 2787 385 2826 mihi
408 2784 643 2837 pessumiere,
677 2800 785 2835 quum
811 2786 901 2826 alias
935 2788 1074 2836 passim
1099 2787 1363 2828 dubitationem
1389 2803 1492 2830 suam
1516 2793 1609 2830 iudi-

126 2884 130 2886 .
190 2861 277 2886 care
303 2850 433 2886 solitus
457 2849 515 2885 sit.
