1855 3214
188 728 215 754 ’.0.
243 751 245 753 .

910 168 966 208 53

224 295 269 335 et
299 306 338 336 v.
372 297 630 339 808—815:

368 362 576 424 »ὕβρεως
609 364 781 413 ἄποινα
816 363 1004 411 κάθέων
1037 364 1370 425 φρονημάτων·

368 439 414 479 οἳ
441 437 530 495 γῆν
562 434 787 495 μολόντες
817 433 1000 489 Ἑλλάδ’
1030 433 1243 483 ου’·θεῶν
1272 440 1414 497 βρέτη

331 547 333 550 .
371 503 571 566 ᾐδοῦντο
604 509 748 553 συλᾶν
781 506 886 554 οὐδὲ
920 505 1191 568 πιμπράναι
1225 505 1356 559 νεώς·

367 580 508 638 βωμοὶ
541 576 579 623 δ’
610 577 777 631 ὀίὶστοι,
812 576 1052 638 δαιμόνων
1081 576 1122 623 θ’
1152 577 1385 639 ἱδρύματα

367 646 587 711 πρόρριζα
621 648 808 708 φύρδην·
832 651 1191 710 ἐξανέστραπται
1224 646 1436 710 βάθρων.

364 718 524 782 τοιγάρ
556 723 697 771 κακῶς
731 718 979 780 δράσαντες
1011 718 1103 768 οὐκ,
1126 719 1347 767 ἐλάσσονα

367 789 609 854 πάσχουσι,
641 789 700 838 ‘w'
732 794 780 839 δὲ
811 794 1040 853 μέλλουσι,
1077 789 1282 839 κούδέπω
1316 793 1462 838 κακῶν

364 865 525 923 κρηπὶς
557 862 764 918 ὕπεστιν,
800 861 892 909 ἀλλ’
925 862 986 908 ἔτ’
1018 862 1322 910 ἐκπιδύεται“.

341 937 499 981 Veram
530 938 976 997 Aeschyli‚‚arbitror,
1010 940 1063 984 de
1100 938 1201 981 dolo
1220 937 1365 982 divino
1386 937 1642 981 sententiam

221 1008 397 1054 exhibet
427 1010 495 1053 hic
526 1022 692 1054 versus:
727 1011 861 1067 (Pers.
895 1024 933 1055 v.
970 1011 1088 1066 742.)

219 1074 345 1137 ,,α’λλ’
378 1077 493 1123 ὅταν
531 1075 706 1137 σπεύδῃ
744 1097 814 1128 τις
847 1075 1002 1131 αὐτός,
1048 1076 1110 1139 χαῖ
1149 1075 1264 1128 θεός
1307 1074 1637 1124 winimarum&

218 1155 262 1197 et
292 1152 371 1196 hoc
401 1151 691 1206 fragmentum
722 1156 807 1209 (ap.
839 1152 968 1197 Diud.
1001 1152 1080 1196 No.
1115 1152 1233 1208 287.)

417 1219 626 1280 ,,α’πατης
657 1223 832 1274 δικαίας
874 1219 956 1267 οὐκ
988 1219 1241 1269 ἀποστατεῖ
1273 1218 1431 1271 &eden

335 1294 455 1340 Idem
485 1294 577 1339 fere
609 1295 661 1338 de
692 1295 855 1339 invidia
887 1296 1063 1338 deorum
1105 1299 1171 1339 est
1209 1294 1447 1339 dicendum.
1510 1294 1636 1339 Arte-

216 1366 299 1442 mis
327 1367 539 1410 invidiosa
570 1366 816 1410 exhibetur:
850 1367 1021 1423 (Agam
1060 1365 1176 1422 135.)

367 1470 376 1481 .
412 1437 541 1494 ,,οι’κῳ
573 1453 659 1496 γαρ
693 1438 956 1494 ἐπίφθονος
979 1434 1195 1495 ”Αρτεμις
1228 1432 1373 1496 οἷγνα“
1403 1452 1440 1479 κ.
1467 1454 1507 1480 τ.
1541 1438 1579 1482 λ.

218 1521 355 1563 neque
386 1512 533 1553 tamen
564 1509 609 1552 in
639 1509 712 1552 illo
743 1509 890 1565 mytho
922 1510 1013 1553 sine
1051 1510 1139 1553 ulla
1171 1520 1301 1554 causa
1333 1507 1490 1567 {generi
1519 1508 1636 1552 Atri-

217 1580 371 1623 darum
397 1576 578 1633 'fingitur
607 1580 797 1624 Artemis
828 1593 920 1624 esse
950 1582 1078 1635 irata,
1109 1581 1185 1623 sed
1217 1581 1491 1624 commiserat
1521 1581 1634 1633 Aga-

216 1646 415 1697 memnon
450 1642 609 1706 scelus,
657 1652 770 1707 quod
808 1652 1044 1697 Artemidis
1082 1653 1191 1696 iram
1223 1652 1451 1705 excitavit;
1497 1662 1635 1707 neque

214 1736 321 1778 opus
353 1723 449 1777 fuit,
481 1723 739 1779 Aeschylum
769 1724 959 1768 fabulam
991 1725 1111 1768 illam
1127 1725 1349 1778 vulgatam
1380 1725 1425 1767 iu
1456 1724 1632 1778 trilogia

220 1795 513 1850 componenda
544 1799 737 1858 secutum
778 1796 887 1841 illud
926 1797 1064 1841 scelus
1096 1807 1443 1840 commemorare.
1505 1795 1633 1839 Arte-

215 1868 295 1912 mis
325 1867 459 1921 igitur
500 1868 619 1922 ‚justa
649 1858 719 1910 ira
746 1867 920 1911 incensa
959 1867 1028 1911 hic
1066 1871 1133 1932 est
1169 1867 1413 1921 cogitanda.
1483 1867 1634 1921 Neque

215 1940 352 1993 magis
382 1939 544 1983 invidia
575 1942 624 1982 ut
645 1938 796 1982 vitium
838 1938 1014 1983 deorum
1046 1938 1295 1995 accipienda
1315 1940 1391 1984 ¹est
1410 1933 1490 1983 lioc
1521 1938 1632 1983 loco:

221 2011 390 2068 (Agam.
422 2023 460 2054 v.
496 2013 581 2053 946
614 2013 657 2053 et
689 2008 793 2064 947)

339 2085 441 2134 „nal
473 2080 624 2125 τοῖσδέ
659 2076 709 2138 μ’
740 2078 1017 2139 ἐμβαίνονθ’
1049 2070 1317 2141 ἁλουργέσιν
1348 2082 1474 2143 θεῶν

261 2166 267 2173 ’
333 2150 395 2209 μή
429 2169 499 2201 τις
530 2147 777 2209 πρόσωθεν
808 2148 1013 2210 ὄμματος
1042 2148 1434 2212 βάλοι,φθόνος“.

332 2225 561 2269 Enimvero
592 2224 888 2278 Agamemnon
935 2228 1134 2278 veretur,
1181 2238 1250 2269 ne·
1277 2225 1457 2270 deorum
1486 2226 1633 2271 odium

216 2297 298 2342 sibi
329 2298 576 2349 consciscat,
607 2309 736 2349 quum
766 2308 897 2350 super
928 2296 1160 2340 humanum
1192 2297 1365 2341 modum
1385 2298 1633 2353 honoretur,

217 2382 346 2423 quum
377 2369 549 2413 fruatur
571 2380 623 2411 ea
654 2367 864 2421 dignitate
900 2371 1028 2422 atque
1060 2368 1233 2421 honore,
1274 2380 1356 2423 quo
1389 2369 1491 2413 deos
1521 2370 1634 2414 solos

217 2441 298 2483 coli
331 2441 482 2484 deceat
513 2439 681 2496 (Agam.
715 2452 753 2484 v.
788 2441 918 2495 922.).

323 2511 529 2565 >Namque
561 2511 609 2563 is,
643 2512 716 2564 qui
746 2510 827 2554 sibi
860 2510 1049 2553 divinum
1080 2511 1286 2555 honorem
1325 2515 1514 2565 arroget,
1553 2511 1637 2555 diis

220 2595 303 2628 non
334 2582 586 2637 perodiosus
616 2594 709 2625 esse
740 2594 824 2625 non
854 2585 1010 2636 potest,
1041 2583 1155 2636 quod
1186 2587 1254 2627 est
1282 2579 1366 2637 ,,το“
1397 2578 1466 2640 pm*
1493 2584 1637 2632 κακῶς

217 2662 409 2713 φρονεῖν
438 2654 557 2698 θεοῦ
587 2654 808 2713 μέγιστον
841 2652 1016 2711 δῶρον’(
1051 2654 1219 2711 (Agam.
1254 2657 1340 2699 927
1353 2653 1435 2711 sq.)

285 2725 489 2781 ·-·Neque
527 2725 655 2770 aliter
702 2726 847 2770 clades
878 2727 1108 2770 Persarum
1154 2726 1418 2774 adscribitur
1458 2727 1636 2770 deorum

147 2800 150 2802 ’
216 2799 426 2852 invidiae,
449 2810 559 2852 quae
581 2798 731 2842 eodem
755 2797 883 2842 senSu
904 2802 971 2842 est
989 2798 1250 2853 accipienda,
1282 2811 1365 2854 quo
1393 2800 1484 2855 jam
1502 2811 1635 2855 supra
