1855 3214
904 169 958 211 29

369 296 707 357 ἵζειτὲταρτον
738 294 873 343 τόνδε
904 292 1080 356 μάντιν
1110 301 1160 342 ἐν
1191 294 1410 357 θρόνοις·“

328 430 331 432 -
373 368 496 422 Διός,
516 367 758 430 προφήτης
790 365 828 414 δ’
859 373 956 416 ἐστὶ
985 368 1154 421 Λοξίας
1185 367 1408 430 πατρός“.

349 446 497 499 Neque
527 444 759 501 quidquam
779 442 942 497 ,Apollo
973 443 1054 487 nisi
1083 443 1226 497 jussus
1256 457 1283 488 a
1317 443 1423 489 Jove
1463 443 1641 488 homini-

223 518 314 563 bus
333 517 568 574 praedicit:
602 515 742 573 (Eum.
778 515 1044 572 616-618.)

367 582 635 644 ,οὐπώποτ’
672 586 806 633 εἶπον
836 595 1129 646 μαντικοῖσιν
1161 592 1219 634 ε’ν,
1242 584 1449 647 θρόνοις,

373 656 456 706 οὐκ
488 655 670 718 α’νὸρός,
702 655 759 705 ου’
788 656 1019 720 γυναικός,
1052 655 1107 704 οὐ
1138 657 1311 712 πόλεως
1343 657 1465 720 πέρι,

374 731 401 776 ὃ
431 730 501 791 μή
531 728 734 777 κελεύσαι
765 728 887 781 Ζεύς
917 728 1192 790 Ὀλυμπίων
1223 728 1421 790 πατήρ“.

224 807 302 865 (cf.
334 807 467 850 Eumu
490 818 529 848 v.
564 807 647 848 713
678 807 724 849 et
756 803 842 848 714
873 807 917 849 et
946 804 1099 859 fragm.
1131 805 1211 849 No.
1244 809 1299 849 82
1332 818 1402 860 ap.
1434 804 1581 860 Dind.)

346 879 539 932 Itemque
582 877 751 922 Athena
792 878 914 920 nutui
945 877 1062 921 Jovis
1080 919 1087 923 ,
1104 878 1252 922 obedit
1293 881 1337 922 et
1388 876 1636 921 reconcilia—

226 953 385 996 tionem
430 950 795 1005 placationemque
852 950 1139 995 Eumenidum
1191 950 1288 994 Jovi
1341 951 1545 1006 assignat,
1592 952 1641 994 ut

223 1024 329 1068 Jove
361 1026 534 1067 auctore
565 1022 703 1076 egisse
733 1022 952 1066 videatur:
985 1021 1128 1080 (Eum.
1159 1035 1198 1065 v.
1232 1022 1351 1077 826.)

396 1089 514 1152 κοῖγω
549 1089 764 1137 πέποιθα
795 1092 930 1149 Ζηνὶ,
963 1093 1036 1136 καὶ
1068 1099 1129 1137 τί
1142 1093 1214 1137 δεῖ
1240 1090 1414 1152 λεγειν,

398 1181 470 1208 και
502 1164 668 1224 κλῇδας
701 1164 802 1208 οἶδα
835 1161 1048 1222 δώματος
1080 1161 1205 1222 μόνη
1236 1165 1373 1218 θεῶν,

398 1241 447 1281 8³¹1!
479 1239 513 1293 ᾧ
544 1251 762 1293 κεραυνος
794 1239 919 1281 ἔστιν
952 1232 1364 1295 ἒσφραγισμκδνοςΜ

227 1310 468 1365 ibidemque
498 1322 536 1352 v,
571 1310 828 1352 973—975:

532 1374 653 1433 „om'
685 1374 899 1436 ἕκρατησε
930 1374 1052 1428 Ζευς
1084 1375 1310 1438 οἷγοραῖος,

531 1451 647 1507 νικᾷ,
668 1445 705 1494 δ’
737 1445 929 1509 οἷγαθῶν

533 1524 623 1580 ἔρις
653 1517 849 1579 ἡμετέρα
880 1515 954 1566 ὃιοέ
988 1518 1213 1572 παντός“.

346 1594 547 1651 Juppiter
577 1607 706 1650 porro
737 1594 868 1638 etiam
899 1593 942 1637 in
973 1593 1132 1637 inferos
1164 1595 1385 1641 dominans
1412 1598 1639 1641 exhibetur

226 1681 380 1724 neque*
401 1669 631 1712 admodum
661 1667 787 1709 Pluto
840 1680 866 1709 a
898 1666 1005 1709 Jove
1039 1667 1312 1722 disjungitur,
1363 1673 1413 1713 ut
1456 1671 1500 1712 in
1547 1674 1639 1722 ejus

227 1752 382 1784 numen
442 1743 586 1784 cetera
632 1741 784 1782 coeant
832 1740 961 1790 atque
1014 1738 1265 1784 coalescant.
1343 1741 1453 1785 Vide
1491 1742 1636 1796 Suppl.

227 1815 484 1856 228—231:

678 1919 687 1927 .
722 1913 732 1925 .
765 1876 871 1924 οὐδὲ
902 1879 970 1939 μή
1001 1876 1041 1926 ’ν
1060 1878 1233 1928 ”Αιδου
1264 1880 1427 1929 θανών

401 1949 523 2014 φύγῃ
556 1956 768 2013 ματαίων
799 1952 962 2004 αἰτίας,
995 1950 1168 2011 πράξας
1199 1951 1323 2000 τάδε.

401 2022 525 2070 κοῖκεῖ
558 2020 724 2078 δικάζει
756 2020 1133 2084 τοῖμπλακήμαθ’
1161 2022 1218 2076 αἷς
1249 2022 1393 2087 λόγος,

400 2094 522 2147 Ζεύς
554 2095 688 2146 ἄλλος
721 2099 770 2141 ὲν
803 2097 1031 2154 καμοῦσιν
1063 2093 1268 2148 ὑστάτας
1300 2099 1437 2149 δίκας.

227 2173 297 2226 (cf.
331 2170 518 2225 Choeph.
552 2172 817 2222 383—385.)

343 2243 440 2286 Jam
472 2242 674 2297 Juppiter
710 2241 851 2284 omnia
881 2239 1102 2284 voluntate
1139 2254 1218 2285 sua
1246 2242 1415 2297 perficit
1460 2244 1564 2300 (vid.
1596 2257 1636 2298 p.

227 2316 314 2372 26),
346 2314 479 2359 ceteri
492 2317 636 2357 autem
660 2313 719 2356 dii
750 2325 802 2356 ex
824 2313 1082 2356 auctoritate
1102 2315 1193 2368 ejus
1214 2322 1365 2369 agunt3
1398 2316 1468 2359 ille
1491 2329 1638 2361 omnes

220 2400 291 2432 res
322 2387 378 2430 ad
419 2390 616 2430 eventum
650 2385 767 2429 ducit
792 2385 1097 2440 justissimum,
1129 2398 1387 2442 quamquam
1424 2401 1641 2443 nunquam

224 2470 356 2513 agens
388 2462 431 2501 in
464 2471 634 2502 scenam
667 2457 983 2511 deducitur⁴⁹);
1044 2463 1238 2502 removet
1276 2472 1372 2503 eum
1403 2459 1639 2515 Aeschylus

319 2649 367 2698 ⁴⁹)
393 2650 501 2687 Haec
527 2650 695 2688 consulto
721 2650 864 2697 scripsi,
903 2649 1066 2696 quamvis
1105 2661 1179 2686 non
1203 2651 1377 2695 nesciam,
1414 2653 1451 2689 in
1475 2654 1642 2702 Psycho—

229 2712 347 2748 stasia
368 2711 500 2747 Jovem
533 2711 572 2747 ἐν
602 2710 769 2758 θελογείῳ
802 2710 1029 2758 apparuisse.
1081 2709 1179 2757 (Vid.
1203 2711 1401 2759 Haymium
1424 2713 1449 2750 l.
1474 2713 1497 2749 1.
1521 2726 1556 2762 p.
1583 2715 1640 2754 27.

230 2774 267 2808 et
290 2770 627 2818 Naegelsbachium
650 2771 674 2806 1.
699 2771 719 2806 lv
747 2783 784 2817 p.
810 2770 859 2818 2.)
884 2772 1001 2807 Recte
1025 2782 1176 2817 prorsus
1201 2772 1289 2807 mihi
1311 2773 1456 2809 videtur
1470 2775 1643 2812 Welcke-

225 2842 288 2870 rus
313 2831 514 2875 monuisse,
539 2831 670 2869 Jovem
695 2830 784 2867 nihil
808 2830 868 2867 hic
894 2832 1073 2878 agentem,
1116 2831 1205 2867 nihil
1226 2831 1449 2879 loquentem,
1485 2844 1559 2881 qua
1595 2837 1644 2872 sit
