1855 3214
948 267 1003 310 64

375 399 496 471 Quae
527 398 742 443 sententia
772 410 857 454 non
889 398 997 442 adeo
1029 396 1177 450 valuit,
1219 399 1268 439 ut
1297 394 1424 439 homo
1457 394 1562 441 nihil
1600 406 1704 450 per·

253 483 299 515 se
329 470 504 516 efficore
533 483 658 526 posse
688 473 918 525 putaretur
948 470 1106 527 illeque
1138 480 1184 511 se
1215 468 1295 512 fati
1325 468 1531 523 potestati
1546 467 1678 522 piane

256 542 458 597 dederet;
498 543 574 587 sed
605 545 672 586 est
701 542 844 597 potius
874 540 1057 585 hominis
1088 541 1231 585 omnia
1272 542 1443 584 tentare
1475 538 1591 598 (VII,
1636 543 1678 594 9,
1747 548 1750 551 ’
1816 510 1817 513 ¹

256 615 279 671 ξ
310 616 389 671 3.),
420 627 558 670 neque
588 614 729 658 minus
768 614 825 659 ad
856 627 949 659 rem
986 613 1095 658 bene
1125 612 1361 668 gerendam
1374 612 1553 658 cnnsilio
1572 622 1679 667 opus

255 690 321 731 est
353 685 466 745 (VIt,
503 689 570 739 10,
603 687 627 743 ς
661 687 721 743 4.)
754 690 799 730 et
828 687 990 730 virtute
1021 686 1359 739 fortitudineque
1400 685 1448 728 in
1496 683 1676 738 agendo,

255 761 306 801 ut
337 758 385 810 is,
418 758 492 812 qui
522 757 632 801 bene
664 770 808 802 secum
839 758 1036 803 consulat
1067 757 1322 811 fortiterque
1351 759 1466 810 agat,
1505 756 1573 800 vir
1605 767 1678 811 op·-

255 830 386 875 timus
417 829 475 872 sit
505 827 752 873 habendus:
802 829 918 886 (VII,
951 830 1084 885 49.),
1090 825 1220 886 ,a’my'p
1254 828 1302 872 δὲ
1349 825 1468 872 οὕτω
1517 824 1576 871 ἄν
1612 828 1680 884 εἴη

257 898 459 959 ἄριστος,
490 902 529 945 εἰ
558 897 890 960 βουλευόμενος
922 903 1013 959 μὲν
1053 895 1283 958 οἶῤῥωὸέοι,
1333 899 1433 943 πᾶν
1464 894 1678 957 ἐπιλεγό-

254 988 395 1030 μενος
429 990 501 1016 πει
498 971 674 1017 σεσθαι
705 972 874 1032 χρῆμα,
908 975 958 1017 ἐν
989 971 1037 1016 δὲ
1068 971 1132 1015 w
1163 973 1275 1032 ἔργῳ
1306 966 1487 1029 θρασύς
1516 970 1628 1027 εἴη“.

253 1043 335 1097 (Οἱ.
369 1043 490 1097 VIII,
526 1047 595 1095 60,
630 1045 653 1101 ξ
687 1045 748 1101 3.)

372 1115 570 1173 Namque
610 1116 857 1160 Herodotus
901 1116 1091 1160 nondum
1131 1115 1188 1159 ad
1230 1118 1423 1158 extrema
1465 1126 1674 1173 quaeque,

255 1199 365 1246 quae
397 1186 451 1230 ab
483 1187 664 1240 singulis
695 1191 1014 1245 consequuntur
1052 1187 1277 1230 sententiis
1308 1186 1480 1239 ethicis,
1529 1197 1678 1240 perve-

253 1261 393 1312 nerat,
439 1258 516 1301 sed
547 1257 807 1302 versabatur
848 1260 991 1313 potius
1036 1258 1347 1316 quodammodo
1384 1270 1429 1305 m
1468 1256 1678 1301 vestibulo

253 1329 564 1384 philosophiae,
602 1328 676 1373 ubi
706 1342 826 1374 mens
873 1330 1059 1374 humana
1100 1330 1313 1373 rationem
1354 1330 1475 1387 sequi
1515 1329 1677 1383 incipit,-

254 1402 458 1452 nonnulla
510 1414 679 1459 quoque
724 1403 987 1457 reputationi
1040 1415 1091 1446 ac
1151 1400 1460 1445 deliberationi
1511 1400 1676 1454 debet3

254 1488 389 1532 quare
421 1473 626 1527 arbitror,
658 1473 766 1517 illud
790 1474 1005 1518 Welokeri
1038 1474 1109 1530 (cf.
1143 1473 1195 1518 N.
1232 1476 1303 1527 77)
1335 1474 1378 1517 in
1410 1473 1677 1518 Herodotum

250 1546 389 1599 magis
419 1545 647 1589 convenire
682 1557 814 1602 quam
848 1546 892 1588 in
923 1545 1203 1604 Aeschylum,

373 1805 542 1863 Itaque,
575 1806 689 1865 quod
711 1806 929 1867 mofessus
952 1819 1058 1860 sum,
1091 1808 1359 1861 praestitisse
1382 1807 1486 1851 mihi
1506 1808 1674 1862 videor,

254 1890 400 1934 quum,
433 1878 645 1935 quomodo
678 1878 950 1923 censentiant
981 1882 1026 1922 et
1048 1878 1249 1923 differant
1279 1879 1393 1939 inter
1422 1891 1469 1923 se
1486 1879 1673 1936 Aeschyf

251 1948 319 1991 lus
350 1952 395 1991 et
411 1948 669 2002 Herodotus,
703 1962 769 2004 ea,
803 1962 887 2008 qua
917 1963 998 2004 par
1029 1954 1109 2004 est,
1142 1951 1365 2003 diligentia
1397 1955 1498 1994 ante
1531 1952 1674 2000 oeulos

249 2032 410 2074 ponere
452 2021 705 2065 studuerim.
778 2021 853 2065 Sin
903 2034 1005 2065 vero
1045 2034 1123 2076 pro
1165 2022 1324 2076 ingenii
1375 2022 1673 2071 mediocritate

252 2103 335 2134 non
375 2093 518 2135 omnia
562 2098 679 2137 recte
728 2095 1042 2148 perspexerim,
1088 2094 1333 2148 indulgeas,
1381 2092 1556 2153 quaeso,
1601 2096 1674 2153 qui

249 2163 455 2207 benevole
488 2165 607 2219 legis,
648 2165 812 2209 viribus
844 2166 971 2216 meis;
1016 2177 1108 2208 rem
1148 2165 1291 2208 studio
1329 2165 1545 2225 operaque
1578 2179 1670 2212 esse

251 2235 558 2288 dignissimam,
592 2246 675 2279 non
708 2237 899 2290 negabis.
