1855 3214
197 426 509 478 Plataeensem,
539 424 836 468 Himerensem
869 427 919 467 ut
949 423 1063 467 idem
1094 423 1339 477 spectantes
1371 430 1623 469 commem&-

197 497 322 550 ravit,
370 495 611 554 Aeschylus
643 508 745 540 vero
777 495 859 539 hac
893 497 1042 540 nostra
1076 493 1251 548 trilogia
1281 504 1355 537 eas
1384 492 1621 548 conjunxit,

195 571 245 611 ut
274 580 421 613 omnes
438 564 607 613 omnino
638 567 964 610 illustrarentur
989 568 1118 619 atque
1136 563 1465 612 celebrarentur
1491 563 1628 612 Grae-

195 651 342 683 corum
366 639 570 684 victoriae
603 652 630 682 a
650 638 851 682 barbaris
877 640 1138 692 reportatae.
1187 638 1308 690 Quae
1326 637 1511 691 quidem.
1531 647 1629 682 seu—

195 711 332 754 tentia
362 714 514 765 postea
545 710 590 753 in
621 708 887 754 Graecorum
918 709 1073 753 animis
1104 709 1167 753 ita
1198 709 1343 752 valuit
1372 711 1504 763 atque
1531 719 1628 752 con-

195 781 368 825 firmata
400 786 478 835 est,
510 785 559 825 ut
589 781 754 835 foedus,
786 781 900 835 quod
932 793 1016 825 non
1047 781 1171 824 novit
1201 780 1473 834 Herodotus,
1514 779 1629 824 inter

195 853 350 896 Persas
383 856 427 897 et
444 852 824 907 Carthaginienses
855 853 1010 897 initum
1043 852 1205 898 vellent
1236 853 1293 897 ad
1318 863 1464 901 omnes
1489 850 1625 896 Grae-

193 935 264 967 cos
295 924 640 982 subigendos.¹⁸)

312 995 412 1038 Jam
462 996 680 1050 sequitur,
736 1000 785 1040 ut
821 999 1171 1050 commonstrem,
1219 997 1393 1050 poetam
1433 998 1628 1042 nostrum

192 1069 371 1121 putasse
422 1067 647 1112 victoriam
698 1067 890 1112 Graecos
942 1080 1027 1112 non
1076 1071 1166 1111 tam
1224 1079 1329 1111 suae
1380 1066 1627 1111 fortitudini

191 1142 321 1192 atque
352 1139 573 1184 alacritati
605 1139 763 1184 debere
795 1152 923 1195 quam
957 1139 1118 1183 auxilio
1153 1140 1344 1184 deorum.

310 1211 481 1254 Etenim
524 1211 579 1254 de
617 1211 820 1267 Aeschyli
863 1212 1080 1255 sententia
1112 1211 1217 1255 Asia
1257 1211 1401 1255 Persis
1443 1210 1622 1254 Graecis

190 1281 366 1334 Europa
398 1282 612 1326 attributa
644 1287 711 1327 est
743 1297 770 1326 a
803 1284 884 1328 diis
902 1287 952 1327 ut
981 1283 1204 1337 proprium
1228 1282 1462 1337 quoddam:
1495 1281 1623 1337 (Pers
1648 1338 1653 1341 Δ

196 1354 279 1394 186
311 1355 356 1395 et
389 1353 490 1407 187)

360 1462 368 1470 .
403 1457 412 1466 .
447 1423 672 1482 ,,πα’τραν
705 1420 743 1469 δ’
774 1424 997 1481 ἔναιονω)
1030 1421 1060 1482 ἦ
1089 1423 1179 1483 μὲν
1209 1419 1410 1470 Ἑλλάδα

438 1490 582 1552 κλήρῳ
605 1495 809 1555 λαχοῦσα
848 1503 999 1555 γαῖαν,
1049 1493 1080 1552 ἦ
1121 1493 1170 1539 δὲ
1202 1493 1484 1554 βάρβαρον.“

191 1567 236 1607 et
248 1565 387 1621 (Pers.
411 1570 435 1608 7
442 1566 595 1622 62-64)
631 1563 701 1621 „55
720 1561 826 1611 οὗτε
846 1564 1126 1625 τιμήνΖεῦς
1143 1566 1258 1620 ἅναξ
1275 1561 1406 1626 τήνδ’
1423 1562 1621 1621 ὤπασεν,

436 1633 501 1682 ἒν’
532 1634 660 1694 ἄνδρ’
691 1634 876 1695 ἁπάσης
907 1634 1093 1688 Ἀσίδος
1126 1635 1427 1697 μηλοτρόφου

434 1716 606 1768 ταγεῖν,
638 1706 807 1768 ἔχοντα
841 1711 1079 1769 σκῆπτρον
1110 1706 1469 1768 εὐθυντήριονέ*

311 1780 417 1823 Asia
463 1792 593 1834 porro
644 1781 844 1825 servituti
894 1781 1082 1827 obnoxia
1141 1782 1371 1837 opponitur
1419 1781 1620 1836 Europae

190 1850 375 1895 liberae:
412 1851 548 1905 (Pers.
587 1854 836 1908 192-196)

357 1956 367 1967 .
403 1957 412 1967 .
447 1920 535 1983 ,,χή
567 1920 659 1981 μὲν
690 1920 1053 1983 τῇδ’ἐπυργοὺτο
1086 1927 1225 1984 στολῇ

477 1991 529 2039 ἐν
559 1990 734 2051 ἤνιάισί
766 1990 805 2038 τ’
837 1995 956 2055 εἶχεν
987 1992 1211 2054 εὔαρκτον
1244 1993 1401 2054 στόμα,

473 2062 505 2123 ἦ
538 2062 577 2110 δ’
607 2062 848 2124 ἐσφάδαζε,
880 2068 953 2111 καὶ
989 2072 1139 2127 χεροῖν
1170 2064 1279 2125 ἔντη
1312 2067 1478 2125 δίφρου

477 2135 824 2198 διασπαράσσει,
858 2144 931 2184 καὶ
963 2136 1238 2197 ξυναρπάζει
1270 2139 1351 2199 βίᾳ

478 2206 590 2253 ἄνευ
624 2211 822 2269 χαλινῶν
854 2211 927 2254 καὶ
961 2207 1102 2270 ζυγόν
1133 2208 1303 2268 θραύει
1336 2207 1497 2269 μέσον.

310 2280 459 2335 Neque
491 2281 586 2325 fieri
616 2282 780 2336 potuit,
828 2283 930 2336 quin
960 2283 1090 2327 Asiae
1131 2287 1176 2327 et
1205 2283 1406 2337 Europae
1438 2281 1616 2336 incolae,

187 2366 266 2397 sua
305 2354 495 2408 ipsorum
542 2354 791 2397 condicione
842 2355 1108 2408 adversarii,
1151 2358 1392 2409 temporum
1434 2354 1619 2398 decursu

188 2437 340 2469 manus
372 2429 650 2469 consererent
680 2425 897 2479 armisque
931 2426 1226 2480 decernerent,
1259 2430 1405 2469 utrum
1436 2425 1616 2475 libertas

189 2510 245 2540 an
276 2497 464 2541 servitus
498 2500 637 2540 totum
656 2495 805 2539 orbem
835 2500 1055 2541 terrarum
1082 2502 1268 2552 regeret,
1300 2498 1414 2552 quod
1445 2488 1621 2553 quidem

186 2570 430 2628 Aeschylus
476 2573 522 2613 et
552 2569 700 2614 fabula
731 2568 894 2613 Phineo
934 2572 979 2613 et
1017 2570 1206 2616 oraculis
1248 2559 1454 2614 exhibitis
1494 2573 1545 2615 ut
1587 2582 1614 2613 a

285 2809 332 2856 ιε)
358 2807 446 2847 vid.
479 2807 752 2847 Dahlmannum
784 2806 807 2847 1.
833 2806 856 2846 1.
881 2819 916 2856 p.
946 2808 1030 2855 185;
1071 2809 1196 2848 s0h01.
1222 2806 1332 2866 Pina.
1357 2804 1469 2858 Pyth4
1493 2806 1523 2855 1,
1551 2790 1610 2856 πη

184 2868 296 2905 Diod.
322 2870 389 2913 1x,
415 2869 472 2905 24„
1557 2867 1585 2881 ³

283 2942 328 2989 ¹⁹)
354 2943 543 2987 Feminae,
571 2953 664 2989 quas
691 2953 821 2980 somno
846 2944 991 2982 viderat
1013 2944 1167 2983 Atossa.
