1855 3214
927 182 952 227 9

235 310 319 361 «iiis
345 312 642 369 ·eonstitutum
689 317 818 369 atque
878 316 1097 370 provisum
1144 317 1245 359 ante
1288 314 1431 359 oculos
1475 314 1647 371 posuit:

236 383 375 440 (Pers.
410 384 492 429 739
525 388 569 429 et
604 387 709 443 740)
945 395 947 397 ·

237 456 368 512 ssmffi,
394 453 556 517 ταχεῖά
573 452 732 517 γ’ἧλθε
747 456 962 518 χρησμῶν
982 458 1161 517 πρᾶξις,
1192 452 1240 508 ἐς
1262 454 1309 503 δὲ
1341 453 1588 517 παῖδ’ἔμόν

236 526 357 578 Ζευς
376 523 649 588 ’ἐπέσκηψεν
681 525 902 586 τελευτήν
932 525 1226 588 θεσφάτων.“
1267 530 1334 589 (cf.
1366 534 1454 576 800
1486 531 1569 590 sq.)

352 601 492 654 Quum
522 604 667 647 autem
698 602 759 646 dii
788 601 1035 647 libertatem
1053 602 1285 648 humanam
1316 607 1361 648 et
1390 605 1649 649 modestiam

233 675 450 728 tueantur,
471 674 646 718 nimiam
667 686 769 719 vero
787 675 1023 730 potentiam
1053 675 1382 731 superbiamque
1397 677 1650 733 reprimant,

233 743 412 789 Graecis
462 746 611 791 deesse
667 759 752 791 non
789 748 931 802 potuit
979 748 1157 792 deorum
1211 749 1443 803 auxilium,
1493 750 1650 794 Persas

233 820 381 861 eontra
413 817 472 861 dii
503 818 697 863 afficiunt
726 819 989 874 gravissimis
1011 820 1347 866 calamitatibus:
1380 821 1504 878 (Pers
1529 822 1649 879 348.)

410 891 544 942 θ·,,εοὶ
577 887 715 935 πόλιν
746 888 934 944 σώζουσι
968 888 1213 941 Παλλάδος
1244 893 1405 942 θεᾶς.“

232 962 277 1002 et
308 959 446 1016 (Pers.
482 963 570 1005 454
601 965 645 1005 et
677 962 797 1019 455),

381 1092 505 1146 ναῶν
536 1092 669 1138 ἔδωκε
701 1067 865 1143 κυὸοςο“
868 1030 1366 1155 ’Έλληὲιανςμῖοῗῖηῇεος

229 1160 337 1214 ibid.
368 1165 665 1222 (807-816):
1212 1213 1215 1216 .

381 1238 467 1289 ,,οὑ
499 1254 609 1293 σφιν
641 1254 788 1282 κακων
819 1232 974 1294 υψιστ’
1005 1239 1268 1297 ἐπαμμένει
1300 1244 1488 1292 παθεῖν,

291 1355 293 1358 ,
377 1304 547 1366 ὕβρεως
579 1304 759 1354 α’ποινα
783 1304 966 1353 κοῖθέων
998 1305 1334 1367 φρονημάτων·

378 1381 421 1423 οἱ
450 1380 538 1437 γῆν
568 1376 792 1438 μολόντες
821 1375 1001 1425 Ἑλλάδ’
1033 1376 1088 1448 ov}
1117 1383 1243 1427 θεῶν
1272 1381 1431 1442 βρέτη,

377 1444 578 1509 ᾐδουντο
612 1451 755 1497 συλᾶν
787 1446 893 1498 οὐδὲ
925 1446 1195 1511 πιμπραναι
1227 1448 1358 1503 νεώς

377 1525 519 1581 βωμοὶ
552 1519 590 1567 δ’
623 1522 789 1577 α’ὶστοι,
823 1519 1059 1582 δαιμόνων
1089 1520 1139 1569 θ’
1171 1520 1393 1583 ἱδρύματα

344 1629 347 1633 .
377 1591 598 1652 πρόρριζα
631 1587 809 1653 φύρδην
841 1592 1439 1656 ἐξανέστραπταιβαθρων,

377 1662 536 1727 τοιγαρ
567 1667 709 1716 κακῶς
740 1662 988 1725 δράσαντες
1020 1663 1101 1712 οὐκ
1133 1665 1355 1714 ἐλάσσονα

379 1755 618 1797 πασχουσι,
647 1756 703 1782 τα
738 1739 786 1783 δὲ
817 1740 1046 1797 μέλλουσι,
1078 1735 1283 1784 κουδέπω
1315 1740 1463 1784 κακῶν

377 1814 537 1868 κρηπὶς
568 1807 777 1866 ὕπεστιν,
810 1806 903 1856 ἀλλ’
935 1806 997 1855 ἔ’τ
1029 1808 1340 1857 ἐκπιδύεταιῆ

231 1881 338 1927 ibid.
374 1885 457 1926 345
491 1885 536 1926 et
569 1885 674 1927 346:

383 1949 504 2007 ,,α’λλ’
537 1948 621 1998 ὧδε
641 1953 820 2013 δαίμων
851 1972 922 2005 τις
952 1955 1225 2013 κατέφθειρε
1257 1969 1471 2014 στρατον,

380 2021 586 2079 τάλαντα
617 2025 778 2086 βρίσας
811 2021 892 2072 οὐκ
923 2023 1149 2087 ἰσορρόπῳ
1180 2021 1341 2088 τύχῃ“.

350 2099 435 2157 (Of.
467 2104 696 2154 praeterea
725 2112 765 2145 v.
786 2103 856 2154 93,
889 2103 989 2155 293,
1021 2103 1122 2154 472,
1154 2103 1255 2153 495,
1289 2102 1387 2153 513,
1422 2102 1521 2153 532,
1545 2101 1644 2155 725,

228 2174 480 2225 ves—752,
513 2175 762 2226 sis—831,
795 2172 895 2226 911,
929 2174 1029 2226 921,
1067 2170 1213 2227 1005.)

348 2243 583 2299 Aeschylus
614 2242 746 2297 igitur
779 2244 888 2288 hanc
919 2247 1113 2287 nostram
1142 2243 1359 2298 trilogiam
1390 2255 1440 2286 eo
1464 2244 1639 2288 oonsilio

227 2313 482 2371 oomposuit,
513 2320 563 2359 ut
589 2316 873 2365 Athenienses
898 2315 1083 2370 doceret,
1116 2314 1293 2359 Graecis
1324 2328 1350 2358 a
1382 2315 1463 2358 diis
1496 2315 1646 2359 datum

231 2400 337 2441 esse,
369 2386 617 2431 libertatem
647 2388 818 2441 generis
858 2386 1033 2431 humani
1070 2386 1125 2430 ab
1177 2385 1439 2430 intolerabili
1479 2387 1645 2437 servitii

226 2460 344 2517 jugo,
375 2459 490 2527 quod
519 2460 680 2504 Persae
711 2471 940 2514 omnesque
970 2458 1149 2504 barbari
1180 2459 1261 2502 toti
1291 2457 1387 2503 orbi
1429 2461 1646 2503 terrarum

230 2533 450 2588 imponere
481 2517 719 2586 studerent,
762 2532 992 2578 defendere
1022 2535 1151 2586 atque
1182 2542 1449 2575 conservare.
1513 2530 1642 2576 Item-

228 2615 311 2659 que
342 2604 531 2649 ostendit
558 2606 706 2659 poeta,
748 2616 834 2647 non
864 2607 955 2647 tam
984 2615 1064 2647 sua
1092 2602 1345 2646 fortitudine
1376 2605 1506 2656 atque
1537 2607 1645 2647 stre-

226 2677 396 2735 unitate
426 2688 554 2731 quam
585 2677 761 2720 deorum
792 2675 952 2719 auxilio
983 2673 1173 2719 Graecos
1213 2687 1284 2719 res
1316 2678 1406 2718 tam
1437 2687 1643 2739 prospere

225 2745 415 2817 gessisse
444 2751 672 2802 tantasque
702 2762 729 2792 a
749 2746 948 2791 barbaris
978 2747 1180 2791 victorias
1203 2750 1462 2802 reportasse.
1504 2746 1645 2791 Effert

228 2820 362 2873 igitur
393 2823 522 2875 atque
553 2820 707 2864 incitat
718 2819 966 2875 Aeschylus,
998 2831 1129 2873 quum
1160 2819 1227 2863 sui
1248 2819 1396 2874 populi
1411 2819 1647 2874 pulcherri-

1405 2892 1428 2927 2
