1855 3214
208 395 443 447 monuerit,
476 395 736 452 Aeschylum
767 395 980 438 Phineum
1010 406 1060 437 eo
1093 393 1268 437 consilio
1301 406 1353 437 ex
1386 393 1629 448 mythorum

205 478 317 519 penu
356 466 688 521 deprompsisse,
735 470 784 510 ut
811 466 1074 519 declararet,
1125 465 1269 508 divina
1314 465 1409 519 lege
1451 463 1629 516 Graecis

205 537 435 591 Europam,
467 538 614 581 Asiam
646 538 790 581 Persis
823 549 916 581 esse
948 536 1217 590 attributam,
1249 538 1293 579 et
1323 535 1484 579 bellum
1515 535 1629 578 inter

204 607 393 652 Graecos
438 612 482 652 et
512 607 722 652 barbaros
760 621 786 652 a
813 609 894 652 diis
921 609 1013 663 J‘am
1059 609 1160 652 olim
1201 620 1294 651 esse
1335 607 1628 652 constitutum.

206 680 353 734 Neque
386 680 497 734 fugit
527 680 791 731 PreHerum,
835 681 923 724 hac
954 680 1129 734 trilogia
1162 679 1303 723 omnia
1336 678 1505 722 omnino
1537 690 1628 722 cer-

204 752 366 796 tamina
397 753 511 795 inter
531 750 719 796 Graecos
751 756 796 796 et
810 752 1025 796 barbaros
1058 752 1166 795 inita
1197 751 1421 804 celebrari,
1452 751 1628 795 Persas-

203 836 285 877 que
317 823 545 877 superbiae
577 827 622 866 et
648 824 827 867 deorum
859 824 1094 878 impietatis
1126 826 1190 866 tot
1222 826 1451 875 tantasque
1470 834 1654 876 poenas<

206 894 394 947 dedisse3
426 893 505 937 hoc
537 896 708 937 tantum
726 894 923 937 desidero
956 894 1072 947 apud
1088 893 1341 945 Prellerum,
1373 892 1628 946 quodjusto

202 966 342 1008 minus
392 965 568 1009 deorum
611 965 842 1019 auxilium,
893 976 975 1019 quo
1020 965 1081 1008 illi
1122 963 1309 1008 Graecos
1356 964 1628 1020 adiuverunt,

202 1037 405 1091 respexit.

321 1109 419 1152 Jam
451 1122 553 1153 vero
603 1109 926 1162 tragoediarum
970 1112 1271 1164 argumentum
1319 1109 1447 1165 paulo
1495 1108 1631 1153 fusius

203 1191 433 1233 exponam,
485 1192 568 1234 quo
601 1180 776 1234 melius,
821 1193 932 1234 quae
978 1182 1034 1223 sit
1080 1182 1244 1225 consilii
1295 1193 1475 1235 operum
1516 1181 1631 1234 inter

206 1252 464 1306 Aeschylum
495 1256 539 1295 et
562 1252 831 1296 Herodotum
863 1253 1115 1308 similitudo,
1146 1254 1281 1308 possit
1312 1252 1508 1307 intelligi.

320 1323 552 1367 Enimvero
594 1328 896 1376 argumentum
927 1324 1105 1377 Phinei,
1147 1326 1266 1379 cujus
1311 1337 1442 1378 quum
1489 1327 1633 1368 exstet

203 1407 336 1437 unum
375 1399 545 1438 tantum
585 1395 875 1449 fragmentum
926 1399 1013 1450 (ap.
1048 1396 1176 1441 Dind.
1209 1396 1285 1440 Nr.
1321 1394 1453 1454 251),
1497 1395 1627 1450 plane

204 1466 391 1510 describi
421 1479 506 1510 non
537 1470 700 1521 potest,
732 1467 931 1522 probalia
962 1480 1064 1512 vero
1082 1469 1295 1522 quaedam
1316 1471 1361 1511 et
1392 1480 1444 1511 ex
1478 1467 1630 1510 Phinei

203 1538 349 1593 mytho
382 1542 427 1582 et
458 1552 510 1583 ex
543 1539 746 1598 Aeschyli
785 1540 977 1596 ratione,
1010 1552 1094 1594 qua
1126 1540 1202 1583 ille
1234 1540 1278 1582 in
1311 1539 1495 1593 trilogiis
1520 1550 1630 1583 com-

203 1611 411 1663 ponendis
457 1623 560 1654 usus
612 1615 698 1664 est,
750 1613 997 1666 conjectura
1037 1624 1262 1666 possumus
1308 1611 1491 1665 assequi.
1554 1610 1633 1655 Est

203 1682 317 1724 enim
348 1681 535 1725 Phineus
565 1683 637 1725 ille
669 1684 814 1736 regius
846 1686 967 1726 vates
1000 1687 1043 1725 et
1074 1695 1240 1736 caecus,
1273 1683 1346 1736 qui
1372 1682 1631 1736 Argonautis

205 1753 456 1797 Colchidem
473 1753 733 1808 petentibus,
756 1766 885 1808 quum
904 1767 1000 1797 eum
1023 1754 1076 1798 ab
1094 1754 1301 1810 Harpiyis
1318 1754 1631 1807 liberavissent,

203 1826 295 1868 vias
342 1826 520 1879 fataque
570 1826 787 1869 indicavit.
811 1826 867 1881 ¹⁴)
931 1827 1069 1878 Quam
1116 1827 1345 1869 materIam
1393 1825 1632 1880 Aeschylus

204 1897 286 1940 sibi
317 1898 512 1951 sumpsit,
545 1897 659 1950 quod
692 1898 1013 1941 inimicitiarum
1045 1898 1160 1941 inter
1195 1898 1397 1951 Europae
1429 1900 1472 1939 et
1503 1896 1631 1940 Asiae

203 1969 365 2012 incolas
412 1970 767 2023 Argonautarum
818 1970 1034 2023 expeditio
1082 1969 1139 2013 sit
1189 1970 1382 2022 initium3
1443 1968 1634 2023 pertinet

208 2040 342 2093 igitur
375 2040 534 2084 fundus
568 2041 719 2084 Phinei
750 2041 806 2084 ad
838 2041 955 2084 bella
987 2041 1100 2084 inter
1130 2040 1343 2084 barbaros
1376 2044 1421 2084 et
1443 2039 1632 2084 Graecos

208 2116 346 2165 gesta,
380 2125 514 2166 quare
545 2112 769 2166 praeclare
787 2113 1038 2156 Welckerus
1054 2113 1106 2155 de
1125 2112 1280 2155 Phinei
1297 2115 1550 2166 argumento
1570 2112 1635 2156 ita

207 2183 298 2227 fere
332 2184 527 2226 disserit:
562 2183 817 2227 Continetur
833 2184 994 2226 Phineo
1016 2185 1156 2238 prima
1172 2183 1435 2228 Graecorum
1452 2183 1635 2232 victoria

209 2267 235 2297 a
256 2254 456 2298 basbaris
473 2252 713 2309 reportata,
744 2260 787 2298 et
803 2255 1042 2312 Aeschylus
1075 2268 1169 2298 eam
1186 2267 1277 2298 rem
1293 2246 1488 2299 tractans
1510 2254 1635 2299 facile

206 2326 262 2369 ad
303 2325 465 2370 bellum
504 2327 725 2370 Persicum
768 2327 961 2370 alludere
1001 2326 1143 2380 potuit
1192 2326 1237 2380 (l.
1277 2327 1303 2369 l.
1336 2339 1378 2380 p.
1412 2326 1540 2383 477);
1591 2329 1636 2370 et

207 2399 348 2441 infra:
383 2403 441 2453 (p.
478 2400 599 2454 480.)
661 2399 848 2441 Phineus
888 2402 954 2441 est
985 2398 1186 2452 trilogiae
1222 2398 1513 2452 primordium
1543 2411 1634 2454 my-

210 2470 412 2529 thycum,
457 2482 542 2524 qua
574 2483 626 2514 ex
659 2469 807 2513 fabula
841 2470 988 2512 divina
1020 2469 1161 2512 elucet
1191 2462 1488 2524 providentia,
1536 2482 1634 2524 qua,

206 2541 396 2586 Graecos
429 2556 481 2586 ex
512 2542 626 2586 bello
659 2556 754 2586 cum
786 2542 957 2596 populis
989 2541 1324 2586 occidentalibus
1356 2548 1477 2596 gesto
1502 2555 1633 2598 supe-

208 2614 345 2658 riores
378 2627 471 2658 esse
506 2615 782 2667 discessuros,
817 2618 913 2657 erat
945 2615 1238 2661 constitutum.

306 2687 552 2750 'Quatenus
584 2687 736 2731 Phinei
769 2686 1018 2730 vaticinatio
1062 2686 1302 2740 respexerit
1340 2686 1499 2731 bellum
1530 2686 1633 2730 Per-

305 2853 350 2900 14)
375 2855 462 2891 Vid.
499 2856 723 2892 Prellerum:
767 2855 916 2894 Grieeh.
960 2855 1201 2902 Mythologie,
1242 2855 1290 2891 II.
1320 2855 1442 2901 Ausg.
1484 2854 1533 2892 11.
1563 2853 1633 2890 Bd.

167 2958 170 2961 ,
204 2927 240 2963 p.
266 2915 335 2952 329
345 2926 400 2961 sq.
427 2918 464 2951 et
486 2916 724 2952 Welckerum
748 2914 771 2950 l.
797 2915 820 2951 l.
846 2926 882 2962 p.
906 2915 989 2955 479.
