<?xml version="1.0" encoding="UTF-8"?>
<!DOCTYPE html PUBLIC "-//W3C//DTD XHTML 1.0 Transitional//EN"
    "http://www.w3.org/TR/xhtml1/DTD/xhtml1-transitional.dtd">
<html xmlns="http://www.w3.org/1999/xhtml" xml:lang="en" lang="en">
 <head>
  <title>
</title>
<meta http-equiv="Content-Type" content="text/html;charset=utf-8" />
  <meta name='ocr-system' content='tesseract 3.04.00' />
  <meta name='ocr-capabilities' content='ocr_page ocr_carea ocr_par ocr_line ocrx_word'/>
</head>
<body>
  <div class='ocr_page' id='page_1' title='image "./4627211_0058.png"; bbox 0 0 1855 3214; ppageno 0'>
   <div class='ocr_carea' id='block_1_1' title="bbox 1449 0 1855 51">
    <p class='ocr_par' dir='ltr' id='par_1_1' title="bbox 1449 0 1855 51">
     <span class='ocr_line' id='line_1_1' title="bbox 1449 0 1855 51; baseline 0 3163"><span class='ocrx_word' id='word_1_1' title='bbox 1449 0 1855 51; x_wconf 95' lang='lat' dir='ltr'><strong> </strong></span> 
     </span>
    </p>
   </div>
   <div class='ocr_carea' id='block_1_2' title="bbox 916 264 971 305">
    <p class='ocr_par' dir='ltr' id='par_1_2' title="bbox 916 264 971 305">
     <span class='ocr_line' id='line_1_2' title="bbox 916 264 971 305; baseline 0.018 -1"><span class='ocrx_word' id='word_1_2' title='bbox 916 264 971 305; x_wconf 79' lang='lat'><strong>48</strong></span> 
     </span>
    </p>
   </div>
   <div class='ocr_carea' id='block_1_3' title="bbox 801 322 1084 329">
    <p class='ocr_par' dir='ltr' id='par_1_3' title="bbox 801 322 1084 329">
     <span class='ocr_line' id='line_1_3' title="bbox 801 322 1084 329; baseline 0 2885"><span class='ocrx_word' id='word_1_3' title='bbox 801 322 1084 329; x_wconf 95' lang='lat' dir='ltr'><strong> </strong></span> 
     </span>
    </p>
   </div>
   <div class='ocr_carea' id='block_1_4' title="bbox 222 387 1651 1959">
    <p class='ocr_par' dir='ltr' id='par_1_4' title="bbox 346 387 1400 453">
     <span class='ocr_line' id='line_1_4' title="bbox 346 387 1400 453; baseline -0.003 -17"><span class='ocrx_word' id='word_1_4' title='bbox 346 388 438 445; x_wconf 83' lang='grc' dir='ltr'><strong><em>,,σύ</em></strong></span> <span class='ocrx_word' id='word_1_5' title='bbox 471 409 543 435; x_wconf 83' lang='grc' dir='ltr'><strong>τοι</strong></span> <span class='ocrx_word' id='word_1_6' title='bbox 576 387 781 435; x_wconf 73' lang='grc' dir='ltr'><strong><em>παλαιάν</em></strong></span> <span class='ocrx_word' id='word_1_7' title='bbox 814 389 1035 450; x_wconf 74' lang='grc' dir='ltr'><strong><em>διανομήν</em></strong></span> <span class='ocrx_word' id='word_1_8' title='bbox 1068 392 1400 453; x_wconf 17' lang='grc' dir='ltr'><strong><em>καταφθίσας-,ι’</em></strong></span> 
     </span>
    </p>

    <p class='ocr_par' dir='ltr' id='par_1_5' title="bbox 350 458 1244 524">
     <span class='ocr_line' id='line_1_5' title="bbox 350 458 1244 524; baseline -0.001 -16"><span class='ocrx_word' id='word_1_9' title='bbox 350 465 457 522; x_wconf 84' lang='grc' dir='ltr'><em>οἴνῳ</em></span> <span class='ocrx_word' id='word_1_10' title='bbox 489 458 827 520; x_wconf 76' lang='grc' dir='ltr'><strong><em>παρηπάτησας</em></strong></span> <span class='ocrx_word' id='word_1_11' title='bbox 853 458 1050 524; x_wconf 76' lang='grc' dir='ltr'><strong><em>,α’ρχαιάς</em></strong></span> <span class='ocrx_word' id='word_1_12' title='bbox 1070 461 1244 514; x_wconf 57' lang='lat' dir='ltr'><strong>..flecis-¹⁶.</strong></span> 
     </span>
    </p>

    <p class='ocr_par' dir='ltr' id='par_1_6' title="bbox 227 534 1651 1095">
     <span class='ocr_line' id='line_1_6' title="bbox 269 534 1647 593; baseline 0.002 -16"><span class='ocrx_word' id='word_1_13' title='bbox 269 560 277 577; x_wconf 87' lang='lat'>.</span> <span class='ocrx_word' id='word_1_14' title='bbox 349 536 572 589; x_wconf 82' lang='lat' dir='ltr'><strong>Quatenus</strong></span> <span class='ocrx_word' id='word_1_15' title='bbox 604 534 843 593; x_wconf 82' lang='lat' dir='ltr'><strong>Aeschylus</strong></span> <span class='ocrx_word' id='word_1_16' title='bbox 879 535 946 578; x_wconf 88' lang='lat' dir='ltr'><strong>his</strong></span> <span class='ocrx_word' id='word_1_17' title='bbox 976 535 1156 590; x_wconf 87' lang='lat' dir='ltr'><strong>aliisque</strong></span> <span class='ocrx_word' id='word_1_18' title='bbox 1194 536 1297 580; x_wconf 89' lang='lat' dir='ltr'><strong>locis</strong></span> <span class='ocrx_word' id='word_1_19' title='bbox 1328 535 1497 579; x_wconf 89' lang='lat' dir='ltr'><strong>fabulas</strong></span> <span class='ocrx_word' id='word_1_20' title='bbox 1529 536 1647 590; x_wconf 80' lang='lat' dir='ltr'><strong>ejus-</strong></span> 
     </span>
     <span class='ocr_line' id='line_1_7' title="bbox 229 603 1646 663; baseline 0.001 -11"><span class='ocrx_word' id='word_1_21' title='bbox 229 609 346 652; x_wconf 90' lang='lat' dir='ltr'>modi</span> <span class='ocrx_word' id='word_1_22' title='bbox 376 608 595 661; x_wconf 84' lang='lat' dir='ltr'><strong>castigare</strong></span> <span class='ocrx_word' id='word_1_23' title='bbox 625 607 824 661; x_wconf 84' lang='lat' dir='ltr'><strong>voluerit,</strong></span> <span class='ocrx_word' id='word_1_24' title='bbox 856 620 993 661; x_wconf 88' lang='lat' dir='ltr'><strong>neque</strong></span> <span class='ocrx_word' id='word_1_25' title='bbox 1026 608 1108 652; x_wconf 91' lang='lat' dir='ltr'><strong>huc</strong></span> <span class='ocrx_word' id='word_1_26' title='bbox 1139 603 1298 652; x_wconf 78' lang='lat' dir='ltr'><strong>attinet</strong></span> <span class='ocrx_word' id='word_1_27' title='bbox 1327 612 1373 652; x_wconf 89' lang='lat' dir='ltr'><strong>et</strong></span> <span class='ocrx_word' id='word_1_28' title='bbox 1398 608 1489 663; x_wconf 61' lang='lat' dir='ltr'><strong>,iam</strong></span> <span class='ocrx_word' id='word_1_29' title='bbox 1512 620 1646 663; x_wconf 81' lang='lat' dir='ltr'><strong>supra</strong></span> 
     </span>
     <span class='ocr_line' id='line_1_8' title="bbox 230 678 1648 738; baseline 0.001 -16"><span class='ocrx_word' id='word_1_30' title='bbox 230 682 288 738; x_wconf 89' lang='lat' dir='ltr'><strong>(p.</strong></span> <span class='ocrx_word' id='word_1_31' title='bbox 322 679 396 736; x_wconf 90' lang='lat'><strong>27)</strong></span> <span class='ocrx_word' id='word_1_32' title='bbox 449 678 774 723; x_wconf 80' lang='lat' dir='ltr'><strong>declaravimus,</strong></span> <span class='ocrx_word' id='word_1_33' title='bbox 837 679 1083 733; x_wconf 71' lang='lat' dir='ltr'><strong>Herodotus</strong></span> <span class='ocrx_word' id='word_1_34' title='bbox 1128 683 1272 723; x_wconf 85' lang='lat' dir='ltr'><strong>autem</strong></span> <span class='ocrx_word' id='word_1_35' title='bbox 1302 680 1365 723; x_wconf 88' lang='lat' dir='ltr'><strong>ita</strong></span> <span class='ocrx_word' id='word_1_36' title='bbox 1394 692 1488 723; x_wconf 91' lang='lat' dir='ltr'><strong>rem</strong></span> <span class='ocrx_word' id='word_1_37' title='bbox 1519 681 1648 734; x_wconf 82' lang='lat' dir='ltr'><strong>expo-</strong></span> 
     </span>
     <span class='ocr_line' id='line_1_9' title="bbox 228 750 1649 806; baseline 0.001 -10"><span class='ocrx_word' id='word_1_38' title='bbox 228 753 333 806; x_wconf 88' lang='lat' dir='ltr'><strong>suit,</strong></span> <span class='ocrx_word' id='word_1_39' title='bbox 381 755 430 795; x_wconf 88' lang='lat' dir='ltr'><strong>ut</strong></span> <span class='ocrx_word' id='word_1_40' title='bbox 461 750 660 795; x_wconf 85' lang='lat' dir='ltr'><strong>dubitare</strong></span> <span class='ocrx_word' id='word_1_41' title='bbox 702 763 787 796; x_wconf 89' lang='lat' dir='ltr'><strong>non</strong></span> <span class='ocrx_word' id='word_1_42' title='bbox 817 751 1036 797; x_wconf 84' lang='lat' dir='ltr'><strong>videatur.</strong></span> <span class='ocrx_word' id='word_1_43' title='bbox 1099 751 1198 796; x_wconf 90' lang='lat' dir='ltr'><strong>Mea</strong></span> <span class='ocrx_word' id='word_1_44' title='bbox 1229 751 1402 805; x_wconf 91' lang='lat' dir='ltr'><strong>quidem</strong></span> <span class='ocrx_word' id='word_1_45' title='bbox 1433 752 1649 797; x_wconf 82' lang='lat' dir='ltr'><strong>sententia</strong></span> 
     </span>
     <span class='ocr_line' id='line_1_10' title="bbox 228 823 1651 878; baseline 0 -10"><span class='ocrx_word' id='word_1_46' title='bbox 228 824 474 868; x_wconf 91' lang='lat' dir='ltr'><strong>Herodotus</strong></span> <span class='ocrx_word' id='word_1_47' title='bbox 506 826 642 866; x_wconf 89' lang='lat' dir='ltr'><strong>totam</strong></span> <span class='ocrx_word' id='word_1_48' title='bbox 674 823 793 866; x_wconf 86' lang='lat' dir='ltr'><strong>illam</strong></span> <span class='ocrx_word' id='word_1_49' title='bbox 812 858 815 861; x_wconf 69' lang='grc'><em>,</em></span> <span class='ocrx_word' id='word_1_50' title='bbox 837 824 1205 867; x_wconf 78' lang='lat' dir='ltr'><strong>narratiunculam</strong></span> <span class='ocrx_word' id='word_1_51' title='bbox 1251 825 1314 867; x_wconf 89' lang='lat' dir='ltr'><strong>ita</strong></span> <span class='ocrx_word' id='word_1_52' title='bbox 1343 826 1538 878; x_wconf 82' lang='lat' dir='ltr'><strong>protulit,</strong></span> <span class='ocrx_word' id='word_1_53' title='bbox 1602 828 1651 867; x_wconf 91' lang='lat' dir='ltr'><strong>ut</strong></span> 
     </span>
     <span class='ocr_line' id='line_1_11' title="bbox 227 894 1649 952; baseline -0.001 -11"><span class='ocrx_word' id='word_1_54' title='bbox 227 910 321 941; x_wconf 86' lang='lat' dir='ltr'><strong>eam</strong></span> <span class='ocrx_word' id='word_1_55' title='bbox 351 896 407 941; x_wconf 93' lang='lat' dir='ltr'><strong>ab</strong></span> <span class='ocrx_word' id='word_1_56' title='bbox 439 894 690 950; x_wconf 82' lang='lat' dir='ltr'><strong>aequalibus</strong></span> <span class='ocrx_word' id='word_1_57' title='bbox 733 895 955 949; x_wconf 89' lang='lat' dir='ltr'><strong>audierat,</strong></span> <span class='ocrx_word' id='word_1_58' title='bbox 1007 907 1143 951; x_wconf 88' lang='lat' dir='ltr'><strong>neque</strong></span> <span class='ocrx_word' id='word_1_59' title='bbox 1194 895 1290 940; x_wconf 89' lang='lat' dir='ltr'><strong>fieri</strong></span> <span class='ocrx_word' id='word_1_60' title='bbox 1328 899 1493 952; x_wconf 88' lang='lat' dir='ltr'><strong>potest,</strong></span> <span class='ocrx_word' id='word_1_61' title='bbox 1546 896 1649 951; x_wconf 85' lang='lat' dir='ltr'><strong>quin</strong></span> 
     </span>
     <span class='ocr_line' id='line_1_12' title="bbox 227 967 1649 1023; baseline 0 -11"><span class='ocrx_word' id='word_1_62' title='bbox 227 968 343 1023; x_wconf 82' lang='lat' dir='ltr'><strong>apud</strong></span> <span class='ocrx_word' id='word_1_63' title='bbox 361 968 650 1021; x_wconf 86' lang='lat' dir='ltr'><strong>Herodotum,</strong></span> <span class='ocrx_word' id='word_1_64' title='bbox 682 968 838 1021; x_wconf 88' lang='lat' dir='ltr'><strong>quippe</strong></span> <span class='ocrx_word' id='word_1_65' title='bbox 870 967 942 1020; x_wconf 92' lang='lat' dir='ltr'><strong>qui</strong></span> <span class='ocrx_word' id='word_1_66' title='bbox 973 980 1045 1011; x_wconf 87' lang='lat' dir='ltr'><strong>res</strong></span> <span class='ocrx_word' id='word_1_67' title='bbox 1077 968 1244 1011; x_wconf 86' lang='lat' dir='ltr'><strong>divinas</strong></span> <span class='ocrx_word' id='word_1_68' title='bbox 1275 981 1358 1011; x_wconf 92' lang='lat' dir='ltr'><strong>non</strong></span> <span class='ocrx_word' id='word_1_69' title='bbox 1390 969 1649 1023; x_wconf 86' lang='lat' dir='ltr'><strong>speculetur,</strong></span> 
     </span>
     <span class='ocr_line' id='line_1_13' title="bbox 229 1032 1330 1095; baseline 0.001 -11"><span class='ocrx_word' id='word_1_70' title='bbox 229 1039 562 1095; x_wconf 87' lang='lat' dir='ltr'><strong>imperfectioris</strong></span> <span class='ocrx_word' id='word_1_71' title='bbox 594 1032 813 1093; x_wconf 83' lang='lat' dir='ltr'><strong>religionis</strong></span> <span class='ocrx_word' id='word_1_72' title='bbox 840 1039 1115 1085; x_wconf 83' lang='lat' dir='ltr'><strong>inveniantur</strong></span> <span class='ocrx_word' id='word_1_73' title='bbox 1136 1040 1330 1094; x_wconf 85' lang='lat' dir='ltr'><strong>vestigia.</strong></span> 
     </span>
    </p>

    <p class='ocr_par' dir='ltr' id='par_1_7' title="bbox 222 1111 1647 1455">
     <span class='ocr_line' id='line_1_14' title="bbox 343 1111 1645 1165; baseline 0.001 -10"><span class='ocrx_word' id='word_1_74' title='bbox 343 1112 578 1157; x_wconf 85' lang='lat' dir='ltr'><strong>Praeterea</strong></span> <span class='ocrx_word' id='word_1_75' title='bbox 609 1114 677 1155; x_wconf 86' lang='lat' dir='ltr'><strong>est</strong></span> <span class='ocrx_word' id='word_1_76' title='bbox 706 1112 976 1165; x_wconf 89' lang='lat' dir='ltr'><strong>monendum,</strong></span> <span class='ocrx_word' id='word_1_77' title='bbox 1008 1112 1088 1155; x_wconf 88' lang='lat' dir='ltr'><strong>hac</strong></span> <span class='ocrx_word' id='word_1_78' title='bbox 1119 1111 1268 1155; x_wconf 86' lang='lat' dir='ltr'><strong>fabula</strong></span> <span class='ocrx_word' id='word_1_79' title='bbox 1299 1112 1426 1155; x_wconf 87' lang='lat' dir='ltr'><strong>deum</strong></span> <span class='ocrx_word' id='word_1_80' title='bbox 1457 1113 1645 1156; x_wconf 88' lang='lat' dir='ltr'><strong>miserie-</strong></span> 
     </span>
     <span class='ocr_line' id='line_1_15' title="bbox 223 1183 1645 1242; baseline -0.001 -13"><span class='ocrx_word' id='word_1_81' title='bbox 223 1186 397 1230; x_wconf 88' lang='lat' dir='ltr'><strong>cordem</strong></span> <span class='ocrx_word' id='word_1_82' title='bbox 428 1185 584 1239; x_wconf 89' lang='lat' dir='ltr'><strong>opponi</strong></span> <span class='ocrx_word' id='word_1_83' title='bbox 625 1184 786 1228; x_wconf 89' lang='lat' dir='ltr'><strong>severis</strong></span> <span class='ocrx_word' id='word_1_84' title='bbox 820 1183 1000 1242; x_wconf 79' lang='grc' dir='ltr'><strong><em>Μοίρας</em></strong></span> <span class='ocrx_word' id='word_1_85' title='bbox 1043 1185 1306 1239; x_wconf 88' lang='lat' dir='ltr'><strong>constitutis,</strong></span> <span class='ocrx_word' id='word_1_86' title='bbox 1360 1197 1496 1240; x_wconf 86' lang='lat' dir='ltr'><strong>neque</strong></span> <span class='ocrx_word' id='word_1_87' title='bbox 1539 1185 1645 1229; x_wconf 88' lang='lat' dir='ltr'><strong>deus</strong></span> 
     </span>
     <span class='ocr_line' id='line_1_16' title="bbox 222 1255 1647 1311; baseline -0.001 -10"><span class='ocrx_word' id='word_1_88' title='bbox 222 1257 460 1311; x_wconf 87' lang='lat' dir='ltr'><strong>contendit,</strong></span> <span class='ocrx_word' id='word_1_89' title='bbox 500 1260 550 1300; x_wconf 92' lang='lat' dir='ltr'><strong>ut</strong></span> <span class='ocrx_word' id='word_1_90' title='bbox 578 1256 706 1311; x_wconf 88' lang='lat' dir='ltr'><strong>plane</strong></span> <span class='ocrx_word' id='word_1_91' title='bbox 742 1256 822 1300; x_wconf 86' lang='lat' dir='ltr'><strong>fati</strong></span> <span class='ocrx_word' id='word_1_92' title='bbox 854 1256 1086 1300; x_wconf 86' lang='lat' dir='ltr'><strong>constituta</strong></span> <span class='ocrx_word' id='word_1_93' title='bbox 1117 1255 1250 1300; x_wconf 86' lang='lat' dir='ltr'><strong>faciat</strong></span> <span class='ocrx_word' id='word_1_94' title='bbox 1280 1257 1425 1310; x_wconf 90' lang='lat' dir='ltr'><strong>irrita,</strong></span> <span class='ocrx_word' id='word_1_95' title='bbox 1490 1257 1570 1300; x_wconf 89' lang='lat' dir='ltr'><strong>sed</strong></span> <span class='ocrx_word' id='word_1_96' title='bbox 1597 1261 1647 1299; x_wconf 90' lang='lat' dir='ltr'><strong>ut</strong></span> 
     </span>
     <span class='ocr_line' id='line_1_17' title="bbox 224 1328 1644 1388; baseline -0.001 -15"><span class='ocrx_word' id='word_1_97' title='bbox 224 1343 275 1373; x_wconf 87' lang='lat' dir='ltr'><strong>ea</strong></span> <span class='ocrx_word' id='word_1_98' title='bbox 307 1330 488 1383; x_wconf 88' lang='lat' dir='ltr'><strong>mitiget.</strong></span> <span class='ocrx_word' id='word_1_99' title='bbox 535 1329 631 1372; x_wconf 91' lang='lat' dir='ltr'><strong>Huc</strong></span> <span class='ocrx_word' id='word_1_100' title='bbox 663 1340 829 1382; x_wconf 91' lang='lat' dir='ltr'><strong>quoque</strong></span> <span class='ocrx_word' id='word_1_101' title='bbox 860 1331 1028 1383; x_wconf 85' lang='lat' dir='ltr'><strong>spectat</strong></span> <span class='ocrx_word' id='word_1_102' title='bbox 1058 1328 1164 1371; x_wconf 88' lang='lat' dir='ltr'><strong>illud</strong></span> <span class='ocrx_word' id='word_1_103' title='bbox 1196 1329 1397 1388; x_wconf 86' lang='lat' dir='ltr'><strong>Aeschyli</strong></span> <span class='ocrx_word' id='word_1_104' title='bbox 1428 1328 1644 1382; x_wconf 78' lang='lat' dir='ltr'><strong>fragmen-</strong></span> 
     </span>
     <span class='ocr_line' id='line_1_18' title="bbox 224 1399 864 1455; baseline -0.005 -10"><span class='ocrx_word' id='word_1_105' title='bbox 224 1406 338 1445; x_wconf 90' lang='lat' dir='ltr'><strong>tum:</strong></span> <span class='ocrx_word' id='word_1_106' title='bbox 373 1404 459 1455; x_wconf 86' lang='lat' dir='ltr'><strong>(ap.</strong></span> <span class='ocrx_word' id='word_1_107' title='bbox 494 1400 622 1443; x_wconf 89' lang='lat' dir='ltr'><strong>Diud.</strong></span> <span class='ocrx_word' id='word_1_108' title='bbox 656 1400 707 1442; x_wconf 89' lang='lat' dir='ltr'><strong>N.</strong></span> <span class='ocrx_word' id='word_1_109' title='bbox 747 1399 864 1454; x_wconf 88' lang='grc'>196.)</span> 
     </span>
    </p>

    <p class='ocr_par' dir='ltr' id='par_1_8' title="bbox 344 1468 1350 1531">
     <span class='ocr_line' id='line_1_19' title="bbox 344 1468 1350 1531; baseline -0.001 -13"><span class='ocrx_word' id='word_1_110' title='bbox 344 1507 355 1518; x_wconf 85' lang='grc'><strong>.</strong></span> <span class='ocrx_word' id='word_1_111' title='bbox 389 1506 399 1518; x_wconf 92' lang='grc'><em>.</em></span> <span class='ocrx_word' id='word_1_112' title='bbox 432 1469 717 1528; x_wconf 75' lang='grc' dir='ltr'><strong><em>,πέπρωται</em></strong></span> <span class='ocrx_word' id='word_1_113' title='bbox 750 1488 835 1531; x_wconf 78' lang='grc' dir='ltr'><strong>γαρ</strong></span> <span class='ocrx_word' id='word_1_114' title='bbox 869 1488 916 1515; x_wconf 79' lang='grc' dir='ltr'><strong>σε</strong></span> <span class='ocrx_word' id='word_1_115' title='bbox 949 1475 1021 1516; x_wconf 80' lang='grc' dir='ltr'><strong>καὶ</strong></span> <span class='ocrx_word' id='word_1_116' title='bbox 1053 1468 1165 1530; x_wconf 81' lang='grc' dir='ltr'><strong><em>βέλη</em></strong></span> <span class='ocrx_word' id='word_1_117' title='bbox 1197 1472 1350 1517; x_wconf 77' lang='grc' dir='ltr'><strong><em>λιπεῖν</em></strong></span> 
     </span>
    </p>

    <p class='ocr_par' dir='ltr' id='par_1_9' title="bbox 342 1537 1466 1602">
     <span class='ocr_line' id='line_1_20' title="bbox 342 1537 1466 1602; baseline 0.002 -15"><span class='ocrx_word' id='word_1_118' title='bbox 342 1544 393 1587; x_wconf 76' lang='grc' dir='ltr'><strong>ἒν</strong></span> <span class='ocrx_word' id='word_1_119' title='bbox 424 1537 589 1587; x_wconf 76' lang='grc' dir='ltr'><strong><em>ταῦθ’·</em></strong></span> <span class='ocrx_word' id='word_1_120' title='bbox 622 1539 809 1586; x_wconf 74' lang='grc' dir='ltr'><strong><em>ἑλέσθαι</em></strong></span> <span class='ocrx_word' id='word_1_121' title='bbox 844 1538 882 1586; x_wconf 74' lang='grc' dir='ltr'><strong>δ’</strong></span> <span class='ocrx_word' id='word_1_122' title='bbox 913 1539 1059 1586; x_wconf 78' lang='grc' dir='ltr'><strong><em>οὔτιν’</em></strong></span> <span class='ocrx_word' id='word_1_123' title='bbox 1087 1548 1135 1587; x_wconf 76' lang='grc' dir='ltr'><strong>ἐκ</strong></span> <span class='ocrx_word' id='word_1_124' title='bbox 1166 1548 1297 1602; x_wconf 78' lang='grc' dir='ltr'><strong><em>γαίας</em></strong></span> <span class='ocrx_word' id='word_1_125' title='bbox 1329 1545 1466 1589; x_wconf 77' lang='grc' dir='ltr'><strong><em>λίθον</em></strong></span> 
     </span>
    </p>

    <p class='ocr_par' dir='ltr' id='par_1_10' title="bbox 340 1610 1318 1674">
     <span class='ocr_line' id='line_1_21' title="bbox 340 1610 1318 1674; baseline -0.002 -13"><span class='ocrx_word' id='word_1_126' title='bbox 340 1619 463 1669; x_wconf 78' lang='grc' dir='ltr'><strong><em>ἕξεις,</em></strong></span> <span class='ocrx_word' id='word_1_127' title='bbox 495 1618 594 1660; x_wconf 80' lang='grc' dir='ltr'><strong><em>ἐπεὶ</em></strong></span> <span class='ocrx_word' id='word_1_128' title='bbox 627 1614 719 1664; x_wconf 80' lang='grc' dir='ltr'><strong>πᾶς</strong></span> <span class='ocrx_word' id='word_1_129' title='bbox 753 1610 898 1674; x_wconf 77' lang='grc' dir='ltr'><em>χῶρός</em></span> <span class='ocrx_word' id='word_1_130' title='bbox 931 1618 1025 1659; x_wconf 78' lang='grc' dir='ltr'><strong><em>ἐστι</em></strong></span> <span class='ocrx_word' id='word_1_131' title='bbox 1057 1612 1318 1674; x_wconf 76' lang='grc' dir='ltr'><strong><em>μαλθακός.</em></strong></span> 
     </span>
    </p>

    <p class='ocr_par' dir='ltr' id='par_1_11' title="bbox 341 1682 1403 1747">
     <span class='ocr_line' id='line_1_22' title="bbox 341 1682 1403 1747; baseline -0.001 -13"><span class='ocrx_word' id='word_1_132' title='bbox 341 1688 450 1734; x_wconf 72' lang='grc' dir='ltr'><strong><em>ἰδών</em></strong></span> <span class='ocrx_word' id='word_1_133' title='bbox 481 1683 520 1730; x_wconf 79' lang='grc' dir='ltr'><strong>δ’</strong></span> <span class='ocrx_word' id='word_1_134' title='bbox 551 1682 889 1747; x_wconf 75' lang='grc' dir='ltr'><strong><em>οἷμηχανοῦντά</em></strong></span> <span class='ocrx_word' id='word_1_135' title='bbox 921 1682 965 1731; x_wconf 72' lang='lat' dir='ltr'><strong>o’v</strong></span> <span class='ocrx_word' id='word_1_136' title='bbox 990 1683 1016 1729; x_wconf 89' lang='lat' dir='ltr'><strong>o‘</strong></span> <span class='ocrx_word' id='word_1_137' title='bbox 1046 1683 1168 1736; x_wconf 72' lang='grc' dir='ltr'><em>Ζεύς</em></span> <span class='ocrx_word' id='word_1_138' title='bbox 1202 1690 1403 1746; x_wconf 80' lang='grc' dir='ltr'><strong><em>οἰκτερεῑ,</em></strong></span> 
     </span>
    </p>

    <p class='ocr_par' dir='ltr' id='par_1_12' title="bbox 340 1754 1525 1820">
     <span class='ocr_line' id='line_1_23' title="bbox 340 1754 1525 1820; baseline 0.003 -17"><span class='ocrx_word' id='word_1_139' title='bbox 340 1757 537 1818; x_wconf 71' lang='grc' dir='ltr'><strong><em>νεφέλην</em></strong></span> <span class='ocrx_word' id='word_1_140' title='bbox 569 1754 607 1803; x_wconf 77' lang='grc' dir='ltr'><strong>δ’</strong></span> <span class='ocrx_word' id='word_1_141' title='bbox 637 1754 855 1818; x_wconf 73' lang='grc' dir='ltr'><strong><em>ὑποσχών</em></strong></span> <span class='ocrx_word' id='word_1_142' title='bbox 887 1754 1046 1816; x_wconf 79' lang='grc' dir='ltr'><strong><em>νιφάδι</em></strong></span> <span class='ocrx_word' id='word_1_143' title='bbox 1080 1755 1312 1820; x_wconf 79' lang='grc' dir='ltr'><strong><em>γογγύλων</em></strong></span> <span class='ocrx_word' id='word_1_144' title='bbox 1344 1761 1525 1820; x_wconf 81' lang='grc' dir='ltr'><strong><em>πέτρων</em></strong></span> 
     </span>
    </p>

    <p class='ocr_par' dir='ltr' id='par_1_13' title="bbox 337 1825 1163 1889">
     <span class='ocr_line' id='line_1_24' title="bbox 337 1825 1163 1889; baseline 0 -12"><span class='ocrx_word' id='word_1_145' title='bbox 337 1829 563 1877; x_wconf 72' lang='grc' dir='ltr'><strong><em>ὕπόσκιον</em></strong></span> <span class='ocrx_word' id='word_1_146' title='bbox 594 1825 732 1887; x_wconf 76' lang='grc' dir='ltr'><strong><em>θήσει</em></strong></span> <span class='ocrx_word' id='word_1_147' title='bbox 767 1827 947 1889; x_wconf 71' lang='grc' dir='ltr'><strong><em>χθόν’“,</em></strong></span> <span class='ocrx_word' id='word_1_148' title='bbox 982 1848 1019 1875; x_wconf 84' lang='grc' dir='ltr'><strong>κ.</strong></span> <span class='ocrx_word' id='word_1_149' title='bbox 1052 1847 1092 1877; x_wconf 83' lang='grc' dir='ltr'><strong>τ.</strong></span> <span class='ocrx_word' id='word_1_150' title='bbox 1125 1832 1163 1877; x_wconf 86' lang='grc' dir='ltr'><strong>λ.</strong></span> 
     </span>
    </p>

    <p class='ocr_par' dir='ltr' id='par_1_14' title="bbox 339 1904 804 1959">
     <span class='ocr_line' id='line_1_25' title="bbox 339 1904 804 1959; baseline -0.009 -9"><span class='ocrx_word' id='word_1_151' title='bbox 339 1905 494 1950; x_wconf 88' lang='lat' dir='ltr'><strong>Restat</strong></span> <span class='ocrx_word' id='word_1_152' title='bbox 526 1904 722 1959; x_wconf 86' lang='lat' dir='ltr'><strong>denique,</strong></span> <span class='ocrx_word' id='word_1_153' title='bbox 755 1905 804 1947; x_wconf 90' lang='lat' dir='ltr'><strong>ut</strong></span> 
     </span>
    </p>
   </div>
   <div class='ocr_carea' id='block_1_5' title="bbox 223 2033 1640 2170">
    <p class='ocr_par' dir='ltr' id='par_1_15' title="bbox 223 2033 1640 2170">
     <span class='ocr_line' id='line_1_26' title="bbox 223 2033 1639 2093; baseline 0.002 -13"><span class='ocrx_word' id='word_1_154' title='bbox 223 2039 246 2093; x_wconf 66' lang='lat' dir='ltr'>g</span> <span class='ocrx_word' id='word_1_155' title='bbox 282 2039 321 2081; x_wconf 86' lang='grc'><strong>7.</strong></span> <span class='ocrx_word' id='word_1_156' title='bbox 367 2035 430 2080; x_wconf 80' lang='lat' dir='ltr'><strong>De</strong></span> <span class='ocrx_word' id='word_1_157' title='bbox 457 2035 636 2092; x_wconf 84' lang='lat' dir='ltr'><strong>justitia</strong></span> <span class='ocrx_word' id='word_1_158' title='bbox 665 2036 737 2078; x_wconf 86' lang='lat' dir='ltr'><strong>ira</strong></span> <span class='ocrx_word' id='word_1_159' title='bbox 768 2033 820 2078; x_wconf 86' lang='lat' dir='ltr'><strong>de</strong></span> <span class='ocrx_word' id='word_1_160' title='bbox 851 2034 1018 2080; x_wconf 84' lang='lat' dir='ltr'><strong>invidia</strong></span> <span class='ocrx_word' id='word_1_161' title='bbox 1050 2033 1225 2082; x_wconf 79' lang='lat' dir='ltr'><strong>deorum</strong></span> <span class='ocrx_word' id='word_1_162' title='bbox 1257 2033 1372 2091; x_wconf 84' lang='lat' dir='ltr'><strong>apud</strong></span> <span class='ocrx_word' id='word_1_163' title='bbox 1399 2036 1639 2093; x_wconf 77' lang='lat' dir='ltr'><strong>scriptores</strong></span> 
     </span>
     <span class='ocr_line' id='line_1_27' title="bbox 224 2105 1640 2170; baseline 0.001 -17"><span class='ocrx_word' id='word_1_164' title='bbox 224 2112 399 2153; x_wconf 89' lang='lat' dir='ltr'><strong>nostros</strong></span> <span class='ocrx_word' id='word_1_165' title='bbox 432 2106 483 2152; x_wconf 89' lang='lat' dir='ltr'><strong>de</strong></span> <span class='ocrx_word' id='word_1_166' title='bbox 516 2106 730 2152; x_wconf 89' lang='lat' dir='ltr'><strong>hominnm</strong></span> <span class='ocrx_word' id='word_1_167' title='bbox 761 2105 900 2151; x_wconf 86' lang='lat' dir='ltr'><strong>libero</strong></span> <span class='ocrx_word' id='word_1_168' title='bbox 940 2107 1126 2152; x_wconf 83' lang='lat' dir='ltr'><strong>arbitrio</strong></span> <span class='ocrx_word' id='word_1_169' title='bbox 1157 2109 1418 2170; x_wconf 80' lang='lat' dir='ltr'><strong>postremum</strong></span> <span class='ocrx_word' id='word_1_170' title='bbox 1451 2121 1640 2166; x_wconf 73' lang='lat' dir='ltr'><strong>agamus.</strong></span> 
     </span>
    </p>
   </div>
   <div class='ocr_carea' id='block_1_6' title="bbox 217 2192 1643 2395">
    <p class='ocr_par' dir='ltr' id='par_1_16' title="bbox 217 2192 1643 2395">
     <span class='ocr_line' id='line_1_28' title="bbox 335 2192 1637 2250; baseline 0.002 -14"><span class='ocrx_word' id='word_1_171' title='bbox 335 2194 476 2247; x_wconf 86' lang='lat' dir='ltr'><strong>Atque</strong></span> <span class='ocrx_word' id='word_1_172' title='bbox 515 2192 755 2250; x_wconf 86' lang='lat' dir='ltr'><strong>Aeschylus</strong></span> <span class='ocrx_word' id='word_1_173' title='bbox 807 2192 979 2246; x_wconf 89' lang='lat' dir='ltr'><strong>quidem</strong></span> <span class='ocrx_word' id='word_1_174' title='bbox 1030 2206 1113 2237; x_wconf 93' lang='lat' dir='ltr'><strong>non</strong></span> <span class='ocrx_word' id='word_1_175' title='bbox 1161 2194 1242 2237; x_wconf 90' lang='lat' dir='ltr'><strong>nisi</strong></span> <span class='ocrx_word' id='word_1_176' title='bbox 1286 2195 1425 2249; x_wconf 84' lang='lat' dir='ltr'><strong>justos</strong></span> <span class='ocrx_word' id='word_1_177' title='bbox 1464 2195 1637 2240; x_wconf 82' lang='lat' dir='ltr'><strong>exhibet</strong></span> 
     </span>
     <span class='ocr_line' id='line_1_29' title="bbox 220 2263 1643 2321; baseline 0.003 -13"><span class='ocrx_word' id='word_1_178' title='bbox 220 2263 335 2319; x_wconf 90' lang='lat' dir='ltr'><strong>deos,</strong></span> <span class='ocrx_word' id='word_1_179' title='bbox 350 2265 403 2321; x_wconf 82' lang='lat'><strong>⁷⁰)</strong></span> <span class='ocrx_word' id='word_1_180' title='bbox 451 2265 606 2321; x_wconf 87' lang='lat' dir='ltr'><strong>quippe</strong></span> <span class='ocrx_word' id='word_1_181' title='bbox 654 2266 726 2320; x_wconf 91' lang='lat' dir='ltr'><strong>qui</strong></span> <span class='ocrx_word' id='word_1_182' title='bbox 760 2265 923 2320; x_wconf 88' lang='lat' dir='ltr'><strong>justum</strong></span> <span class='ocrx_word' id='word_1_183' title='bbox 964 2265 1136 2309; x_wconf 91' lang='lat' dir='ltr'><strong>modum</strong></span> <span class='ocrx_word' id='word_1_184' title='bbox 1174 2267 1462 2321; x_wconf 82' lang='lat' dir='ltr'><strong>ordinemque</strong></span> <span class='ocrx_word' id='word_1_185' title='bbox 1496 2277 1643 2312; x_wconf 71' lang='lat' dir='ltr'><strong>rerum</strong></span> 
     </span>
     <span class='ocr_line' id='line_1_30' title="bbox 217 2334 1639 2395; baseline 0.002 -15"><span class='ocrx_word' id='word_1_186' title='bbox 217 2340 422 2381; x_wconf 87' lang='lat' dir='ltr'><strong>tueantur</strong></span> <span class='ocrx_word' id='word_1_187' title='bbox 457 2341 585 2393; x_wconf 83' lang='lat' dir='ltr'><strong>atque</strong></span> <span class='ocrx_word' id='word_1_188' title='bbox 619 2341 883 2382; x_wconf 85' lang='lat' dir='ltr'><strong>conservent.</strong></span> <span class='ocrx_word' id='word_1_189' title='bbox 946 2337 1045 2381; x_wconf 84' lang='lat' dir='ltr'><strong>Jam</strong></span> <span class='ocrx_word' id='word_1_190' title='bbox 1070 2337 1219 2395; x_wconf 74' lang='grc' dir='ltr'><em>Μοῖρα</em></span> <span class='ocrx_word' id='word_1_191' title='bbox 1251 2340 1475 2383; x_wconf 87' lang='lat' dir='ltr'><strong>constituit</strong></span> <span class='ocrx_word' id='word_1_192' title='bbox 1505 2334 1639 2384; x_wconf 83' lang='lat' dir='ltr'><strong>homi-</strong></span> 
     </span>
    </p>
   </div>
   <div class='ocr_carea' id='block_1_7' title="bbox 220 2432 505 2441">
    <p class='ocr_par' dir='ltr' id='par_1_17' title="bbox 220 2432 505 2441">
     <span class='ocr_line' id='line_1_31' title="bbox 220 2432 505 2441; baseline 0 773"><span class='ocrx_word' id='word_1_193' title='bbox 220 2432 505 2441; x_wconf 95' lang='lat' dir='ltr'><strong> </strong></span> 
     </span>
    </p>
   </div>
   <div class='ocr_carea' id='block_1_8' title="bbox 214 2504 1644 2975">
    <p class='ocr_par' dir='ltr' id='par_1_18' title="bbox 214 2504 1644 2975">
     <span class='ocr_line' id='line_1_32' title="bbox 314 2504 1639 2552; baseline -0.001 -10"><span class='ocrx_word' id='word_1_194' title='bbox 314 2504 360 2552; x_wconf 69' lang='grc' dir='ltr'><strong>ὀ)</strong></span> <span class='ocrx_word' id='word_1_195' title='bbox 386 2505 445 2542; x_wconf 82' lang='lat' dir='ltr'><strong>Ita</strong></span> <span class='ocrx_word' id='word_1_196' title='bbox 478 2506 647 2542; x_wconf 87' lang='lat' dir='ltr'><strong>consulto</strong></span> <span class='ocrx_word' id='word_1_197' title='bbox 684 2506 828 2552; x_wconf 85' lang='lat' dir='ltr'><strong>scripsi,</strong></span> <span class='ocrx_word' id='word_1_198' title='bbox 864 2516 947 2541; x_wconf 85' lang='lat' dir='ltr'><strong>nam</strong></span> <span class='ocrx_word' id='word_1_199' title='bbox 973 2505 1197 2542; x_wconf 85' lang='lat' dir='ltr'><strong>Eumenides</strong></span> <span class='ocrx_word' id='word_1_200' title='bbox 1236 2509 1273 2540; x_wconf 83' lang='lat' dir='ltr'><strong>et</strong></span> <span class='ocrx_word' id='word_1_201' title='bbox 1307 2504 1456 2552; x_wconf 88' lang='lat' dir='ltr'><strong>Apollo,</strong></span> <span class='ocrx_word' id='word_1_202' title='bbox 1496 2504 1639 2544; x_wconf 83' lang='lat' dir='ltr'><strong>etiamsi</strong></span> 
     </span>
     <span class='ocr_line' id='line_1_33' title="bbox 217 2565 1638 2613; baseline -0.001 -11"><span class='ocrx_word' id='word_1_203' title='bbox 217 2573 323 2602; x_wconf 79' lang='lat' dir='ltr'><strong>suum</strong></span> <span class='ocrx_word' id='word_1_204' title='bbox 349 2566 539 2613; x_wconf 84' lang='lat' dir='ltr'><strong>proprium</strong></span> <span class='ocrx_word' id='word_1_205' title='bbox 562 2566 625 2613; x_wconf 85' lang='lat' dir='ltr'><strong>jus</strong></span> <span class='ocrx_word' id='word_1_206' title='bbox 651 2565 757 2601; x_wconf 86' lang='lat' dir='ltr'><strong>nimis</strong></span> <span class='ocrx_word' id='word_1_207' title='bbox 784 2568 958 2612; x_wconf 84' lang='lat' dir='ltr'><strong>urgentes</strong></span> <span class='ocrx_word' id='word_1_208' title='bbox 983 2565 1079 2600; x_wconf 83' lang='lat' dir='ltr'><strong>inter</strong></span> <span class='ocrx_word' id='word_1_209' title='bbox 1104 2576 1144 2601; x_wconf 86' lang='lat' dir='ltr'><strong>se</strong></span> <span class='ocrx_word' id='word_1_210' title='bbox 1169 2565 1307 2612; x_wconf 84' lang='lat' dir='ltr'><strong>injuste</strong></span> <span class='ocrx_word' id='word_1_211' title='bbox 1319 2565 1422 2601; x_wconf 75' lang='lat' dir='ltr'><strong>facta</strong></span> <span class='ocrx_word' id='word_1_212' title='bbox 1446 2565 1638 2613; x_wconf 85' lang='lat' dir='ltr'><strong>objiciunt,</strong></span> 
     </span>
     <span class='ocr_line' id='line_1_34' title="bbox 216 2623 1644 2673; baseline -0.001 -11"><span class='ocrx_word' id='word_1_213' title='bbox 216 2627 346 2673; x_wconf 89' lang='lat' dir='ltr'><strong>injusti</strong></span> <span class='ocrx_word' id='word_1_214' title='bbox 370 2629 494 2663; x_wconf 85' lang='lat' dir='ltr'><strong>tamen</strong></span> <span class='ocrx_word' id='word_1_215' title='bbox 521 2626 798 2673; x_wconf 15' lang='lat' dir='ltr'><strong>appellarirnon</strong></span> <span class='ocrx_word' id='word_1_216' title='bbox 822 2628 993 2672; x_wconf 83' lang='lat' dir='ltr'><strong>possunt.</strong></span> <span class='ocrx_word' id='word_1_217' title='bbox 1042 2623 1175 2671; x_wconf 86' lang='lat' dir='ltr'><strong>Neque</strong></span> <span class='ocrx_word' id='word_1_218' title='bbox 1200 2623 1328 2663; x_wconf 73' lang='lat' dir='ltr'><strong>dubim</strong></span> <span class='ocrx_word' id='word_1_219' title='bbox 1354 2626 1586 2669; x_wconf 84' lang='lat' dir='ltr'><strong>contendere,</strong></span> <span class='ocrx_word' id='word_1_220' title='bbox 1612 2626 1644 2662; x_wconf 86' lang='lat' dir='ltr'><strong>si</strong></span> 
     </span>
     <span class='ocr_line' id='line_1_35' title="bbox 219 2684 1644 2733; baseline 0.001 -12"><span class='ocrx_word' id='word_1_221' title='bbox 219 2687 360 2730; x_wconf 85' lang='lat' dir='ltr'><strong>attinet,</strong></span> <span class='ocrx_word' id='word_1_222' title='bbox 388 2698 505 2723; x_wconf 87' lang='lat' dir='ltr'><strong>meam</strong></span> <span class='ocrx_word' id='word_1_223' title='bbox 533 2698 679 2733; x_wconf 89' lang='lat' dir='ltr'><strong>quoque</strong></span> <span class='ocrx_word' id='word_1_224' title='bbox 706 2687 925 2722; x_wconf 84' lang='lat' dir='ltr'><strong>sententiam</strong></span> <span class='ocrx_word' id='word_1_225' title='bbox 945 2684 1121 2733; x_wconf 86' lang='lat' dir='ltr'><strong>proferre,</strong></span> <span class='ocrx_word' id='word_1_226' title='bbox 1146 2684 1278 2723; x_wconf 79' lang='lat' dir='ltr'><strong>Jovem</strong></span> <span class='ocrx_word' id='word_1_227' title='bbox 1293 2686 1507 2730; x_wconf 52' lang='lat' dir='ltr'><strong>Promethei</strong></span> <span class='ocrx_word' id='word_1_228' title='bbox 1531 2686 1644 2729; x_wconf 79' lang='lat' dir='ltr'><strong>vincti</strong></span> 
     </span>
     <span class='ocr_line' id='line_1_36' title="bbox 215 2745 1642 2806; baseline 0.001 -25"><span class='ocrx_word' id='word_1_229' title='bbox 215 2746 384 2793; x_wconf 83' lang='lat' dir='ltr'><strong>justitiae</strong></span> <span class='ocrx_word' id='word_1_230' title='bbox 408 2750 534 2794; x_wconf 84' lang='lat' dir='ltr'><strong>partes</strong></span> <span class='ocrx_word' id='word_1_231' title='bbox 561 2757 683 2792; x_wconf 86' lang='lat' dir='ltr'><strong>agere.</strong></span> <span class='ocrx_word' id='word_1_232' title='bbox 733 2745 903 2793; x_wconf 85' lang='lat' dir='ltr'><strong>Namque</strong></span> <span class='ocrx_word' id='word_1_233' title='bbox 916 2746 1172 2789; x_wconf 89' lang='lat' dir='ltr'><strong>Prometheus,</strong></span> <span class='ocrx_word' id='word_1_234' title='bbox 1200 2757 1309 2806; x_wconf 76' lang='lat' dir='ltr'><strong>quum</strong></span> <span class='ocrx_word' id='word_1_235' title='bbox 1326 2746 1432 2782; x_wconf 89' lang='lat' dir='ltr'><strong>Jovis</strong></span> <span class='ocrx_word' id='word_1_236' title='bbox 1454 2746 1642 2782; x_wconf 86' lang='lat' dir='ltr'><strong>decretum</strong></span> 
     </span>
     <span class='ocr_line' id='line_1_37' title="bbox 217 2798 1643 2854; baseline 0 -13"><span class='ocrx_word' id='word_1_237' title='bbox 217 2806 456 2853; x_wconf 80' lang='lat' dir='ltr'><strong>neglexisset,</strong></span> <span class='ocrx_word' id='word_1_238' title='bbox 483 2807 654 2854; x_wconf 81' lang='lat' dir='ltr'><strong>pertinax</strong></span> <span class='ocrx_word' id='word_1_239' title='bbox 677 2806 783 2843; x_wconf 83' lang='lat' dir='ltr'><strong>Jovis</strong></span> <span class='ocrx_word' id='word_1_240' title='bbox 810 2807 989 2842; x_wconf 86' lang='lat' dir='ltr'><strong>voluntati</strong></span> <span class='ocrx_word' id='word_1_241' title='bbox 1014 2806 1192 2842; x_wconf 82' lang='lat' dir='ltr'><strong>resistens</strong></span> <span class='ocrx_word' id='word_1_242' title='bbox 1217 2804 1358 2853; x_wconf 80' lang='lat' dir='ltr'><strong>peenas</strong></span> <span class='ocrx_word' id='word_1_243' title='bbox 1376 2798 1450 2841; x_wconf 81' lang='grc' dir='ltr'><strong><em>ιιοιι</em></strong></span> <span class='ocrx_word' id='word_1_244' title='bbox 1464 2804 1552 2841; x_wconf 78' lang='lat' dir='ltr'><strong>dare</strong></span> <span class='ocrx_word' id='word_1_245' title='bbox 1569 2816 1643 2841; x_wconf 88' lang='lat' dir='ltr'><strong>non</strong></span> 
     </span>
     <span class='ocr_line' id='line_1_38' title="bbox 218 2864 1641 2915; baseline -0.001 -12"><span class='ocrx_word' id='word_1_246' title='bbox 218 2868 349 2913; x_wconf 88' lang='lat' dir='ltr'><strong>potuit,</strong></span> <span class='ocrx_word' id='word_1_247' title='bbox 377 2870 415 2903; x_wconf 88' lang='lat' dir='ltr'><strong>et</strong></span> <span class='ocrx_word' id='word_1_248' title='bbox 438 2868 615 2915; x_wconf 81' lang='lat' dir='ltr'><strong>majestas</strong></span> <span class='ocrx_word' id='word_1_249' title='bbox 632 2866 749 2911; x_wconf 88' lang='lat' dir='ltr'><strong>Jovis,</strong></span> <span class='ocrx_word' id='word_1_250' title='bbox 777 2867 809 2903; x_wconf 88' lang='lat' dir='ltr'><strong>si</strong></span> <span class='ocrx_word' id='word_1_251' title='bbox 835 2867 1013 2902; x_wconf 83' lang='lat' dir='ltr'><strong>cessisset</strong></span> <span class='ocrx_word' id='word_1_252' title='bbox 1037 2864 1270 2910; x_wconf 81' lang='lat' dir='ltr'><strong>Prometheo,</strong></span> <span class='ocrx_word' id='word_1_253' title='bbox 1296 2876 1416 2913; x_wconf 84' lang='lat' dir='ltr'><strong>paene</strong></span> <span class='ocrx_word' id='word_1_254' title='bbox 1440 2866 1540 2902; x_wconf 79' lang='lat' dir='ltr'><strong>nulla</strong></span> <span class='ocrx_word' id='word_1_255' title='bbox 1554 2865 1641 2902; x_wconf 79' lang='lat' dir='ltr'><strong>fuis·</strong></span> 
     </span>
     <span class='ocr_line' id='line_1_39' title="bbox 214 2926 1106 2975; baseline 0 -12"><span class='ocrx_word' id='word_1_256' title='bbox 214 2930 283 2965; x_wconf 87' lang='lat' dir='ltr'><strong>est</strong></span> <span class='ocrx_word' id='word_1_257' title='bbox 311 2926 427 2975; x_wconf 51' lang='lat' dir='ltr'><strong>(vids</strong></span> <span class='ocrx_word' id='word_1_258' title='bbox 439 2928 487 2968; x_wconf 87' lang='lat' dir='ltr'><strong>N.</strong></span> <span class='ocrx_word' id='word_1_259' title='bbox 512 2927 560 2965; x_wconf 86' lang='lat'><strong>64</strong></span> <span class='ocrx_word' id='word_1_260' title='bbox 584 2930 621 2964; x_wconf 90' lang='lat' dir='ltr'><strong>et</strong></span> <span class='ocrx_word' id='word_1_261' title='bbox 644 2927 848 2974; x_wconf 75' lang='lat' dir='ltr'><strong>Naegelsb,</strong></span> <span class='ocrx_word' id='word_1_262' title='bbox 874 2926 897 2962; x_wconf 91' lang='lat' dir='ltr'><strong>l.</strong></span> <span class='ocrx_word' id='word_1_263' title='bbox 922 2926 946 2965; x_wconf 87' lang='lat'><strong>1.</strong></span> <span class='ocrx_word' id='word_1_264' title='bbox 971 2938 996 2973; x_wconf 94' lang='lat' dir='ltr'><strong>p</strong></span> <span class='ocrx_word' id='word_1_265' title='bbox 1032 2926 1106 2972; x_wconf 84' lang='lat'>40.)</span> 
     </span>
    </p>
   </div>
  </div>
 </body>
</html>
