1855 3214
895 92 949 134 35

219 284 241 341 ς
274 281 312 326 3.
365 263 432 326 Βό
459 282 691 327 animorum
721 270 1050 326 immortalitate
1083 280 1186 338 quid
1219 282 1459 336 scriptores
1490 279 1634 324 nostri

710 365 853 399 secum
884 354 1136 398 statuerint.
1309 354 1311 357 ’

335 437 504 482 Etenim
536 437 650 492 apud
682 437 915 482 Homerum
946 451 1098 493 corpus
1146 436 1405 490 humanum,
1455 449 1536 491 quo
1569 439 1631 480 vis

215 512 457 563 naturaque
500 509 682 552 hominis
713 513 878 554 constet
908 523 958 554 ac
997 503 1277 562 contineatur,
1324 522 1401 563 pro
1434 509 1525 562 ipso
1558 509 1632 552 ho-

215 581 327 624 mine
359 579 510 624 haberi
545 592 668 636 nemo
701 581 847 625 nescit.
912 581 994 625 Illa
1025 581 1200 624 Homeri
1231 585 1351 624 aetas
1383 581 1572 624 animum
1602 596 1630 624 a

213 665 390 707 corpore
441 652 509 696 vel
540 653 723 697 materia
754 653 997 708 sejunctum
1042 666 1096 696 ne
1128 654 1319 707 cogitare
1351 653 1523 706 quidem
1553 665 1627 707 po-

214 724 309 777 tuit,
341 735 469 778 quam
489 723 541 767 ob
565 736 657 769 rem
674 725 831 768 mortui
856 724 1036 767 hominis
1061 725 1181 778 quasi
1214 724 1380 777 umbra,
1408 737 1516 778 quae
1534 725 1627 778 qui-

214 797 309 840 dem
328 797 421 851 ipsa
438 800 551 840 esset
572 797 764 849 materia,
796 809 1018 852 superesse
1035 796 1307 841 credebatur.
1354 796 1625 841 Mortuorum

209 867 385 912 umbrae
416 880 551 923 neque
583 869 813 912 sentientes
837 881 973 923 neque
1004 869 1069 912 sui
1091 870 1283 912 consciae
1309 869 1623 922 cogitabantur,

205 953 338 995 quare
371 941 542 984 Ulixem
573 941 638 995 iis,
670 944 719 984 ut
749 942 917 986 veniret
947 941 1103 996 prioris
1135 941 1249 985 vitae
1283 941 1501 995 memoria,
1534 954 1623 985 ma-

207 1013 342 1056 teriae
374 1012 550 1067 aliquid,
596 1013 846 1067 sanguinem
878 1013 1019 1056 ovium
1053 1013 1165 1060 dico,
1197 1012 1407 1067 praebere
1446 1026 1621 1058 necesse

208 1085 302 1128 fuit.
364 1084 591 1128 Enimvero
633 1085 848 1140 mysteriis
899 1088 943 1128 et
990 1084 1202 1140 theologia
1246 1085 1422 1139 orphica
1473 1086 1622 1140 purior

205 1157 542 1201 immortalitatis
576 1156 876 1200 disseminatus
909 1160 974 1200 est
1003 1169 1150 1200 sensus
1198 1158 1256 1213 (p.
1290 1156 1390 1215 23);
1441 1158 1621 1211 proinde

209 1242 321 1273 nunc
348 1231 452 1284 jam,
483 1229 585 1282 quid
602 1225 844 1283 Aeschylus
871 1228 923 1272 de
955 1241 1007 1272 ea
1039 1241 1086 1272 re
1115 1229 1309 1282 senserit,
1342 1229 1619 1273 sciscitemur.

323 1300 584 1355 Agamemno
625 1303 818 1343 mortuus
849 1302 893 1342 et
922 1299 1081 1342 Darius
1126 1300 1187 1343 ita
1217 1301 1333 1354 apud
1365 1300 1621 1355 Aeschylum

203 1374 469 1426 invocantur,
501 1376 549 1415 nt
580 1372 631 1416 iis
663 1375 706 1416 et
736 1372 1022 1427 perceptionis
1055 1375 1098 1414 et
1121 1373 1354 1416 memoriae
1386 1373 1470 1416 vim
1488 1373 1620 1417 facul-

205 1449 420 1499 tatemque
459 1444 639 1488 attribui
670 1457 754 1487 non
784 1446 840 1487 sit
884 1446 928 1488 in
961 1444 1088 1487 dubio
1100 1444 1169 1498 ⁶⁰).
1234 1445 1427 1498 Itemque
1468 1445 1620 1490 umbra

205 1517 579 1576 Clytaemnestrae
625 1517 811 1560 sentiens
872 1520 999 1571 atque
1053 1519 1245 1571 cogitans
1304 1518 1619 1571 memoriaeque

202 1590 422 1644 particeps
442 1590 497 1650 ¹in
529 1601 697 1632 scenam
730 1589 900 1632 ducitur
938 1589 1076 1643 (Eum.
1110 1603 1147 1631 v.
1183 1591 1429 1644 94-116);
1481 1604 1618 1645 neque

205 1662 343 1706 minus
365 1661 510 1705 Oresti
530 1665 696 1704 mortuo
731 1661 793 1704 vis
812 1661 1024 1716 quaedam
1048 1664 1092 1704 et
1122 1662 1314 1715 potentia
1336 1662 1379 1704 in
1402 1662 1467 1705 his
1491 1663 1618 1705 etiam

200 1902 291 1948 lung
331 1901 395 1937 der
437 1901 579 1936 einzeln
607 1901 738 1936 G'otter
773 1900 847 1934 und
885 1900 955 1935 den
982 1899 1313 1946 Gattungsbegriff‚
1347 1901 1461 1946 jenen
1489 1901 1615 1936 vdurch

205 1961 512 2006 Ueberlieferung
538 1960 713 2006 geheiligt
737 1959 811 1995 und
837 1959 952 1994 durch
978 1959 1048 1994 den
1072 1959 1164 1994 Kult
1188 1959 1445 2005 festgehalten,
1488 1960 1613 1996 diesen

202 2021 256 2056 als
282 2021 340 2056 ein
366 2020 640 2065 nothwendiges
655 2019 876 2054 natiirliches
891 2019 1118 2064 Erzeugniss
1144 2020 1208 2054 der
1234 2020 1508 2065 fortgeriickten
1522 2020 1611 2055 Kul·

148 2113 151 2115 μ
198 2082 291 2117 tur“.
344 2080 486 2125 Quibus
513 2090 622 2126 quum
647 2078 836 2120 assentiar,
874 2078 945 2113 hoc
983 2079 1090 2113 etiam
1129 2078 1264 2114 addere
1289 2090 1361 2114 non
1398 2082 1487 2126 puto
1529 2091 1610 2114 esse

198 2141 376 2176 alienum:
420 2141 526 2176 Mens
563 2140 731 2185 ratioque
769 2138 927 2174 humana
959 2150 1031 2174 non
1057 2138 1173 2174 solum
1205 2150 1227 2173 a
1251 2139 1489 2185 perceptione
1527 2151 1610 2186 spe—

197 2199 282 2235 ciali
308 2200 354 2235 ad
381 2200 589 2246 generalem
612 2200 789 2247 procedit,
822 2199 887 2233 sed
913 2199 1052 2244 primus
1077 2199 1209 2234 mentis
1236 2210 1361 2234 secum
1386 2200 1609 2245 neputantis,

197 2261 238 2295 ut
261 2259 313 2295 ita
350 2259 479 2303 dicam,
514 2259 649 2306 gradus
675 2261 731 2294 est
768 2258 955 2305 ejusmodi,
988 2260 1028 2293 ut
1054 2259 1199 2304 singula
1224 2269 1391 2304 quaeque
1416 2263 1610 2301 momenta,

196 2329 290 2365 quae
314 2320 462 2355 notione
488 2320 645 2365 quadam
661 2320 924 2360 contineantur,
951 2318 1096 2353 dirimat
1121 2321 1230 2364 atque
1256 2318 1451 2354 discernat.
1478 2319 1609 2364 Itaque

194 2379 292 2415 haud
318 2380 521 2423 admodum,
548 2379 714 2423 arbitror,
739 2381 796 2416 est
812 2379 1009 2414 absurdum
1045 2378 1279 2421 contendere,
1317 2378 1609 2425 polytheismum,

173 2474 175 2479 ,
196 2439 259 2486 qui
283 2440 505 2476 carminibus
530 2440 683 2476 Homeri
708 2440 754 2475 ad
779 2439 967 2486 fastigium
994 2442 1103 2485 atque
1137 2439 1245 2475 finem
1271 2438 1452 2486 quendam
1482 2450 1609 2486 perve-

195 2499 300 2542 nerit,
352 2499 531 2546 originem
557 2511 579 2535 a
602 2500 857 2536 monotheismi
882 2497 997 2534 forma
1023 2499 1179 2545 quadam
1204 2500 1364 2535 duxisse.
1414 2500 1610 2535 Enimvero

196 2558 461 2605 polytheismus
487 2560 576 2596 nihil
602 2562 659 2596 est
689 2560 797 2603 aliud,
839 2560 909 2595 nisi
933 2560 1040 2595 unius
1066 2559 1223 2595 numinis
1247 2559 1285 2595 in
1327 2560 1529 2606 compluria
1565 2571 1609 2595 ac

198 2618 347 2654 diversa
364 2622 548 2666 momenta
572 2620 737 2656 diremtio
763 2630 807 2655 ac
832 2620 1041 2666 disjunctio.

291 2677 338 2725 ⁶⁰)
364 2677 449 2715 Vid.
475 2676 641 2728 Ghoeph.
681 2691 712 2717 v,
738 2680 762 2716 4
795 2682 832 2715 et
855 2680 888 2724 5,
924 2678 1000 2722 130,
1027 2678 1105 2722 156,
1147 2678 1216 2717 479
1255 2680 1291 2715 et
1314 2678 1401 2724 4803
1442 2680 1548 2716 Pers.
1575 2690 1608 2737 ῑτ

188 2736 259 2774 620
281 2748 336 2785 sq.
361 2738 442 2775 637.
1464 2767 1605 2810 *309*
