1855 3214
936 248 990 289 56

249 380 425 425 Orestes
457 380 778 424 excusationem
808 380 960 423 matris
992 382 1054 424 ut*
1072 387 1228 422 vanam
1258 374 1423 420 refutat
1454 372 1666 432 (choeph.

245 465 284 496 v.
320 451 589 507 910—930).
660 451 855 505 Itemque
896 451 1072 494 Orestes
1113 461 1198 493 non
1229 459 1388 492 ⁴caeco·
1411 446 1553 491 animo
1596 445 1676 503 sed
1748 473 1752 476 -

246 535 391 568 secum
421 525 629 577 reputans
660 525 705 565 et
735 521 873 566 libero
914 521 1097 567 arbitrio
1112 521 1243 575 jussa
1274 518 1494 574 Apollinis·
1527 516 1675 562 obser-

246 605 354 640 vans
385 598 568 639 matrem
598 593 768 639 occidit.
818 594 929 639 Vide
961 593 1149 650 Ohooph.
1183 604 1223 637 v.
1257 590 1498 637 866-902'
1526 592 1571 634 et
1601 601 1677 645 po-

246 667 460 712 tissimum
482 678 664 710 versum
696 668 804 710 903:

368 736 530 796 „wiardi
559 741 606 781 σὲ
640 737 774 782 νικᾶν
808 736 881 781 καὶ
915 744 1155 795 παραινεῖς
1186 752 1268 795 μοι
1301 732 1563 789 uocantem)

370 810 468 854 Jam
499 821 602 854 vero
634 808 832 854 Eteocles
863 822 947 854 non
980 808 1266 854 exsecrationi
1297 808 1434 853 solum
1463 806 1605 863 patris
1634 809 1678 850 et

249 883 382 926 totius
414 881 586 935 generis
619 881 967 925 Labdacidarum
998 881 1088 925 fato
1119 880 1328 925 obnoxius
1358 879 1434 923 sed
1465 876 1677 931 regnandi

246 954 494 1008 gloriaeque
527 952 766 1007 cupiditate
799 953 932 997 etiam
964 956 1202 997 commotus
1233 952 1325 996 ruit
1355 952 1399 996 in
1429 949 1675 1005 perniciem·

243 1025 614 1076 Exsecrationem‚
671 1024 899 1068 dummodo
957 1026 1014 1068 sit
1050 1026 1194 1079 justa,
1236 1022 1380 1076 'apud-
1421 1021 1675 1074 Aeschylum

247 1098 333 1144 vim
363 1095 525 1140 habere
557 1107 651 1139 non
674 1095 854 1150 denego,
887 1108 1025 1151 neque
1055 1097 1195 1140 minus
1227 1094 1345 1138 valet
1376 1093 1517 1137 malus
1547 1104 1675 1147 gene-

1727 110 1729 112 -
1715 62 1736 87 ,“···
1718 0 1734 36 Μ

1766 154 1769 157 «
1737 0 1795 117 fains-'³

1797 170 1817 181 ,;.
1790 85 1794 87 ’
1785 12 1816 64 3³³²:

1815 144 1818 146 ’
1817 88 1840 122 af
1815 21 1839 61 &⁴⁸¹

246 1170 307 1212 ris
339 1167 503 1221 genius,
536 1179 619 1220 quo
651 1167 789 1221 magis
823 1167 949 1211 liberi
980 1168 1257 1211 scelestorum
1283 1168 1517 1220 parentum
1547 1176 1678 1218 quam
1751 1211 1762 1224 ‚

244 1239 320 1283 alii
350 1238 560 1282 inclinent
589 1236 647 1280 ad
676 1235 870 1282 facinora
907 1238 1162 1292 faciliusque
1194 1237 1388 1281 incidant
1419 1236 1464 1279 in
1494 1234 1671 1279 calami-

247 1313 374 1355 tates,
437 1309 608 1352 Etenim
629 1309 760 1364 -viget
799 1309 939 1353 adhuc
979 1310 1095 1364 apud
1128 1308 1389 1367 Aeschylum
1423 1310 1521 1351 arta
1551 1306 1675 1350 fami-

245 1382 331 1425 liae
348 1381 674 1434 conglutinatio,
708 1393 793 1434 qua
824 1380 951 1424 liberi
982 1384 1031 1424 ut
1061 1384 1292 1435 parentum
1322 1380 1435 1424 bona
1466 1379 1540 1422 ita:
1561 1377 1676 1422 mala

246 1453 491 1497 hereditate
539 1452 754 1506 accipiant
806 1464 1037 1506 eorumque
1087 1452 1328 1497 facinorum
1377 1462 1547 1506 poenas.
1619 1448 1678 1493 At

241 1524 334 1578 jam
363 1535 514 1567 severa
546 1523 621 1566 illa
643 1524 916 1577 antiquitatis
949 1524 1105 1577 opi-nio,
1139 1523 1299 1568 liberos
1331 1522 1557 1567 criminum
1576 1531 1677 1575 poe—

248 1607 326 1639 nas
357 1594 479 1638 luere
519 1598 773 1649 parentum,
823 1595 941 1650 apud
981 1595 1243 1653 Aeschylum
1285 1608 1382 1638 eum
1421 1595 1467 1637 in
1503 1592 1677 1636 modum

249 1667 451 1720 mitigata
483 1669 564 1720 est,
596 1670 645 1710 ut
675 1667 806 1710 etiam
838 1666 1071 1711 liberorum
1103 1666 1292 1710 facinore
1324 1678 1431 1720 opus
1462 1666 1532 1718 sit,
1563 1663 1678 1718 quod

245 1751 318 1782 eos
351 1737 557 1781 detrudat
586 1738 632 1781 in
652 1738 903 1793 perniciem.
946 1738 1142 1782 Eteocles
1174 1738 1345 1792 quidem
1362 1735 1676 1792 quodammodo

246 1810 395 1855 furens
411 1822 507 1855 cum
534 1809 672 1854 fratre
691 1822 842 1855 manus
861 1814 1150 1865 conserturuS,
1183 1810 1321 1866 patris
1337 1809 1676 1856 exsecrationem

246 1885 424 1927 accusat
464 1881 600 1936 (Sept.
641 1894 680 1925 v.
717 1882 972 1938 653—655)
1019 1883 1207 1937 itemque
1241 1883 1387 1937 deum,
1434 1882 1507 1936 qui
1537 1884 1675 1924 totum

244 1955 349 2010 Laji
379 1966 516 2009 genus
546 1953 675 2009 plane
706 1955 763 1998 sit
792 1954 1044 2010 perditurus
1077 1954 1135 2013 (v.
1170 1954 1428 2011 689—691)
1462 1954 1506 1998 in
1546 1965 1676 1998 causa

246 2026 391 2079 habet,
429 2025 585 2069 chorus
615 2028 760 2069 tamen
791 2026 1006 2079 virginum
1039 2026 1199 2070 diserte
1232 2027 1408 2070 nimiam
1431 2026 1524 2081 ejus
1541 2025 1676 2069 auda-

245 2097 357 2142 ciam
396 2097 654 2152 nimiamque
704 2098 869 2153 gloriae
908 2098 1201 2154 capuditatem
1242 2098 1472 2143 ostendens
1511 2097 1664 2142 dehor-

246 2172 367 2213 tatur
398 2182 497 2214 eum
529 2182 555 2213 a
586 2169 753 2213 nefario
786 2173 965 2214 conatu:
1000 2169 1139 2229 (Sept.
1175 2171 1428 2227 698—702)

396 2238 543 2295 ,,α’λλα“
578 2240 634 2285 σύ
661 2237 727 2298 μή
760 2237 1028 2298 ’ποτρύνου’
1062 2237 1201 2290 κακός
1233 2238 1288 2284 οὐ
1319 2234 1482 2298 κεκλή·-

323 2338 326 2340 >
397 2328 464 2357 σει
495 2313 603 2371 βίον
635 2306 686 2357 εὖ
720 2307 940 2371 κυρήσας·
971 2308 1240 2372 μελάναιγις
1274 2304 1358 2358 ὀὐκ

417 2528 474 2568 Of.
502 2527 668 2577 Ohoeph.
694 2541 727 2565 v.
754 2528 960 2566 904-907:

484 2590 606 2634 ,,ἕπου,
631 2589 720 2635 πρὸς
745 2585 856 2624 αὐτὸν
879 2587 981 2628 τόνδε
1004 2602 1042 2624 σε
1072 2587 1206 2635 σφςίξαι
1230 2585 1339 2625 θέλω.

465 2655 544 2687 ,καὶ
569 2646 686 2695 ζῶντα
709 2647 776 2696 γάρ
800 2662 858 2685 νιν
880 2649 1043 2695 κρεῖσσον
1065 2645 1195 2696 ’ἡγήσω
1219 2646 1371 2695 πατρός·

487 2708 602 2754 τούτῳ
619 2707 784 2745 θανοῦσο.
810 2706 1037 2756 συγκάθευὸ’,
1060 2710 1134 2744 ἐπεὶ
1159 2708 1279 2755 φιλεῖς

484 2770 548 2806 τᾶν
579 2767 693 2817 ἄνδρα
717 2767 857 2812 τοῦτον,
884 2765 925 2806 ὃν
949 2766 1090 2817 δ’ἐχρῆν
1114 2768 1234 2816 φιλεῖν
1260 2768 1426 2816 στυγεῒς“.

409 2829 481 2877 (Of.
508 2830 674 2876 Choeph.
700 2841 731 2867 v.
759 2829 948 2867 595—601
976 2832 1013 2865 et
1036 2830 1173 2875 Agam.
1207 2842 1245 2867 v.
1270 2828 1390 2875 1604.)

285 2938 290 2942 .
342 2889 389 2939 “⁴)
415 2889 502 2926 Vid;
529 2889 715 2935 Welcker,
737 2889 768 2936 ’1,ἱ
789 2889 814 2927 Ι.
842 2901 881 2937 p.
904 2888 992 2934 448.-
