1855 3214
896 214 951 255 37

215 350 258 390 et
288 346 403 389 Pers.
435 359 473 388 v.
509 350 613 389 691:

327 414 481 474 „lipom
515 413 551 460 δ’
589 420 772 465 ἐκείνοις
813 420 862 460 ἐν
909 411 1218 462 δυναστεύσας
1251 409 1334 472 ἐγώ
1365 409 1517 467 ἤκω·“,
1564 412 1621 454 ad

209 500 334 546 quem
373 490 510 533 locum
552 489 784 534 scholiasta
815 488 1053 533 annotavit:
1094 483 1224 544 ,,ἤτοι
1261 485 1374 545 μέγα
1415 480 1497 543 ἐγώ
1537 483 1621 527 δυ-

212 561 373 617 νηθεὶς
406 564 455 604 ἐν
486 570 583 610 τοῖς
615 557 732 604 κάτω
766 566 893 609 θεοῖς
926 559 997 604 οἷα
1029 554 1254 618 βασιλεύς,
1285 561 1357 601 καὶ
1377 551 1483 614 παρ’
1514 558 1620 599 ἐκεί-

211 648 304 676 νων
337 629 600 690 τιμώμενος
632 633 702 676 καὶ
734 629 801 689 μή
834 627 1127 691 λογιζόμενος
1167 626 1224 680 οἷς
1247 632 1298 674 οἱ
1336 629 1487 673 λοιποὶ
1531 628 1624 671 τῶν

219 700 490 748 τεθνεώτων
519 701 643 760 ἥκω(ι
677 702 885 762 (Darius).
1327 696 1332 701 ’

308 774 479 832 'Neque
510 779 588 829 est,
621 789 697 819 cur
727 779 937 830 putemus,
980 774 1237 832 Aeschylum
1276 785 1453 828 prorsus
1492 772 1623 815 aliam

215 851 342 902 atque
371 840 602 891 Homerum
633 851 677 891 et
694 848 974 891 Tartarorum
1006 850 1050 890 et
1078 846 1336 890 condicionis
1352 849 1620 888 mortuorum

210 919 410 963 habuisse
460 920 759 973 cognitionem3
818 920 900 963 huc
948 919 1138 974 pertinet
1182 918 1263 961 hoc
1311 917 1618 970 fragmentum:

210 992 315 1050 (230
347 1004 414 1046 ap.
447 991 594 1048 Dind.)
1415 1037 1417 1039 .

324 1066 422 1113 „uoci
453 1064 546 1106 τῶν
578 1058 840 1115 θανόντων,
885 1061 1002 1107 οἷσιν
1034 1058 1115 1106 οὐκ
1146 1057 1288 1107 ἔνεστ’
1319 1058 1500 1119 lupide&

210 1137 255 1177 et
288 1133 400 1187 ,,Σοὶ
436 1129 473 1177 δ’
505 1129 586 1176 οὐκ
617 1136 762 1177 ἔνεστι
805 1141 927 1181 κῖκυς
969 1128 1063 1177 οὐδ’
1104 1129 1371 1190 αἱμόῤῥοτοι
1411 1133 1620 1189 φλέβες“.

327 1205 450 1259 Quod
480 1194 841 1259 Naegelsbachius
874 1205 915 1258 (l.
951 1205 976 1247 1.
994 1218 1035 1259 p.
1056 1208 1156 1259 397)
1188 1217 1240 1248 ex
1259 1204 1339 1247 hoc
1355 1203 1618 1258 fragmento:

208 1279 311 1334 (257
345 1290 410 1332 ap.
444 1275 593 1334 Dind.)

357 1349 458 1400 „nai
491 1343 600 1397 τούς
632 1343 870 1396 θανόντας
903 1349 941 1390 εἰ
972 1346 1124 1396 θέλεις
1156 1341 1418 1405 εὖεργετεῑν,

354 1415 433 1462 εἴτ’
466 1414 550 1463 οὖν
582 1427 859 1477 κακουργεῖν,
894 1415 1168 1476 α’μφιὸεξίως
1189 1417 1289 1477 ’ἔχει

352 1491 414 1549 τῷ
446 1486 566 1548 μήτε
599 1490 770 1550 χαῖρειν
799 1486 918 1549 μήτε
950 1490 1198 1532 λυπεῖσθαι
1231 1486 1475 1545 φθιτούς“.

207 1564 377 1607 efficere
408 1564 528 1616 vult,
580 1566 770 1606 mortuos
803 1564 917 1617 apud
949 1561 1206 1620 Aeschylum
1244 1561 1349 1604 nihil
1381 1563 1539 1607 sentire
1572 1567 1615 1607 et

202 1639 356 1679 ‘eorum
387 1639 546 1679 statum
578 1647 669 1679 esse
711 1634 1052 1686 indifferentem,
1101 1645 1248 1677 errase
1289 1634 1392 1676 mihi
1430 1636 1615 1680 videtur.

206 1707 271 1750 Ex
304 1707 382 1750 hoc
414 1706 671 1760 fragmento,
713 1709 832 1760 puto,
877 1709 1017 1760 potest
1049 1708 1216 1748 tantum
1248 1706 1464 1758 concludi,
1507 1708 1613 1750 vivis

206 1792 301 1822 cum
332 1779 510 1821 mortuis
542 1778 704 1821 nullam
721 1791 813 1821 esse
845 1779 1105 1830 societatem,
1137 1780 1185 1820 ut
1217 1790 1242 1820 a
1261 1777 1368 1821 vivis
1385 1777 1459 1821 ille
1481 1791 1616 1833 neque

211 1849 332 1892 bonis
364 1860 500 1902 neque
531 1849 654 1892 malis
686 1848 799 1892 affici
830 1850 1009 1903 possint.

329 1920 414 1963 Sed
462 1922 730 1963 revertamur
761 1920 833 1975 [ad
879 1919 1146 1963 Herodotum
1197 1923 1241 1963 et
1282 1923 1617 1974 perscrutemur,

212 1995 421 2047 quatenus
453 1992 528 2035 ille
561 2004 653 2035 cum
686 1990 895 2046 Aeschylo
932 1995 1140 2046 congruat
1178 1992 1230 2035 de
1271 1992 1509 2035 animorum
1541 1993 1617 2035 im-

206 2064 483 2108 mortalitate.
545 2063 597 2105 In
636 2075 720 2117 qua
751 2076 799 2106 re
829 2064 1121 2117 perquirenda
1151 2065 1315 2117 haeret,
1346 2077 1429 2107 non
1445 2065 1618 2119 infitior,

204 2137 248 2179 in
279 2135 459 2179 salebris
492 2135 659 2188 oratio,
712 2135 818 2177 nihil
848 2136 959 2178 enim
991 2136 1119 2188 certi,
1158 2136 1260 2189 quid
1298 2137 1389 2190 ipse
1421 2138 1617 2192 senserit,

206 2207 451 2250 Herodotus
478 2206 707 2250 memoriae
738 2206 937 2259 tradidit;
963 2207 1149 2260 alioquin
1181 2213 1502 2261 commemorat,
1543 2223 1616 2263 po-

212 2279 335 2334 pulos
366 2291 520 2333 eosque
552 2277 780 2330 barbaros,
827 2278 964 2321 cultus
1005 2278 1180 2322 humani
1209 2283 1405 2334 expertes
1449 2281 1619 2325 immor-

207 2350 367 2394 talitati
398 2350 526 2393 fidem
570 2350 840 2403 attribuisse,
889 2351 949 2393 ita
986 2354 1153 2404 tamen,
1199 2355 1248 2394 ut
1288 2353 1459 2395 minime
1497 2366 1619 2397 suam

211 2422 344 2477 ipsius
376 2423 632 2466 sententiam
683 2422 863 2476 aperiat.
939 2420 1263 2466 Hoffmeisterus
1295 2424 1465 2477 quidem
1513 2424 1558 2482 (l.
1592 2426 1618 2469 l.

206 2508 246 2549 p.
284 2498 338 2538 37
373 2493 454 2553 sq,)
487 2499 628 2549 negat,
668 2494 932 2538 Herodotum
965 2495 1221 2553 credidisse,
1261 2495 1452 2541 homines
1483 2501 1621 2542 morte

206 2578 290 2609 non
320 2565 449 2620 plane
480 2566 680 2620 interire3
712 2567 885 2609 minime
916 2570 1057 2610 autem
1091 2567 1195 2610 mihi
1226 2569 1291 2622 iis,
1323 2581 1432 2623 quae
1459 2571 1619 2624 attulit,

205 2637 469 2691 argumentis
494 2638 721 2692 persuasit.

287 2729 290 2733 ·
325 2709 520 2763 Namque
553 2710 608 2753 ad
641 2710 752 2754 hunc
785 2711 943 2755 locum:
977 2711 1055 2769 (ΙΙ,
1091 2711 1191 2766 123)
1235 2712 1433 2771 ,,πρῶτοι
1467 2713 1514 2759 δὲ
1548 2718 1620 2758 καὶ

206 2779 342 2824 τόνδε
374 2779 459 2824 τόν
490 2777 627 2839 λόγον
658 2778 918 2841 Αἰγύπτιοί·
941 2786 1022 2826 εἰσι
1070 2786 1110 2826 οἱ
1161 2781 1383 2835 εἰπόντες,
1433 2783 1489 2834 οἷς
1537 2780 1617 2829 οἷν·

208 2850 401 2910 θρώπου
445 2848 569 2911 ψυχή
603 2848 846 2903 α’θοὲνατός
888 2857 996 2907 ἐστι,
1038 2855 1122 2898 τοῦ
1164 2850 1365 2912 σώματος
1404 2856 1450 2901 δὲ
1483 2874 1617 2901 κατα-
