1855 3214
884 273 939 313 30

198 412 225 443 a
256 399 440 443 miseriis
473 400 588 443 vitae
619 400 832 445 humanae
864 401 918 445 ab
951 401 1049 446 odio
1081 401 1307 457 studioque
1335 401 1538 457 partium,
1570 406 1619 447 ut
1689 414 1690 417 ’

197 465 633 525 ῐαωᾳῑιειω.ειιῐῃωιι8
660 469 817 527 Judex‚
863 486 1051 517 summus
1088 474 1357 529 >gubernator
1393 472 1538 517 rerum
1574 478 1619 519 et

194 542 408 586 humanae
439 543 554 586 vitae
585 544 726 587 omnia
766 548 908 589 mente
942 549 1071 600 atque
1115 546 1284 606 ratione
1329 545 1616 599 administret,

194 613 400 668 dijudicet
431 617 559 668 atque
597 620 849 670 conservet,
895 629 978 672 quo
1020 617 1192 673 quidem
1229 611 1357 661 sensu
1402 614 1615 674 ,,τρίτος“

193 685 310 728 haud
367 686 630 731 incommode
687 688 944 742 appellatur.
1030 689 1140 733 Vide
1194 688 1381 745 Choeph.
1436 701 1476 733 v..
1530 690 1616 731 244

197 759 242 801 et
272 755 378 801 245:

374 823 553 886 „poo'a'zov
584 827 750 887 κράτος
781 847 830 874 τε
863 834 937 875 καὶ
967 828 1082 888 Δίκη
1115 826 1201 875 σύν
1231 832 1295 887 τῷ
1327 836 1461 890 τρίτῳ

371 895 563 945 πάντων
594 900 791 961 μεγίστῳ
825 900 946 960 Ζηνὶ
980 897 1247 963 συγγένοιτό
1281 907 1407 962 μοι“’.

198 975 242 1015 et
272 972 394 1016 Eum.
428 985 464 1016 v.
500 977 752 1018 757—760:

370 1040 603 1104 ,,Ἀργεῖος
634 1041 765 1103 οἷνήρ,
798 1040 942 1096 αὖθις
974 1050 1024 1091 ἔν
1055 1063 1105 1090 τε
1138 1041 1369 1105 χρήμασιν
1443 1084 1445 1086 ,

369 1117 485 1160 οἰκεῖ’
511 1113 760 1176 πατρῴοις,
795 1114 1039 1168 Παλλάδος
1073 1121 1144 1162 καὶ
1179 1116 1353 1167 Λοξίου

375 1192 501 1231 ἕκατι
533 1188 606 1232 καὶ
638 1190 722 1233 τοῦ
753 1186 910 1234 πάντα
945 1192 1210 1248 κραίνοντος
1241 1195 1398 1247 τρίτου

369 1259 585 1317 σωτῆρος,
616 1276 655 1307 κ.
687 1277 727 1307 τ.
762 1263 831 1305 λ.“

193 1330 272 1387 (cf.
307 1330 460 1385 Agam.
495 1335 550 1375 55
563 1343 625 1386 sq.
660 1336 704 1375 et
737 1332 883 1387 Suppl.
920 1332 1009 1387 27.)
1023 1331 1095 1385 ⁶⁰).

304 1401 521 1448 Mirabilis
570 1416 748 1458 prorsus
789 1408 854 1448 est
898 1404 966 1448 hic
1005 1403 1238 1448 Persarum
1281 1403 1421 1448 locus:
1479 1404 1613 1459 (Pers.

187 1488 225 1519 v.
262 1476 531 1531 739-742.)
710 1525 713 1527 ,

184 1547 324 1605 ,,φεὶ,
355 1541 513 1606 ταχεῖά
544 1541 584 1607 γ’
614 1541 734 1604 ἦλθε
765 1546 982 1609 χρησμῶν
1014 1546 1191 1604 πρᾶξις,
1225 1549 1271 1596 ἐς
1288 1546 1336 1592 δὲ
1361 1541 1486 1591 παῖδ’
1505 1543 1612 1606 ἐμόν

186 1615 310 1667 Ζεύς
342 1618 601 1677 ἐπέσκηψεν
632 1618 853 1675 τελευτήν
884 1614 1158 1675 θεσφάτων·
1192 1615 1275 1677 ἐγώ
1309 1618 1358 1662 δέ
1388 1633 1482 1662 που

187 1686 261 1734 διοί
294 1689 475 1749 μακροῦ
508 1685 679 1751 χρόνον
709 1685 811 1735 τάδ’
846 1687 1024 1752 ηὔχουν
1066 1686 1407 1747 ἐκτελευτήσειν
1445 1686 1610 1739 θεούς·

188 1759 283 1806 ἀλλ’
316 1760 433 1806 ὅταν
465 1759 644 1821 σπεύδῃ
675 1780 746 1813 τις
779 1759 934 1818 αὐτός,
969 1758 1031 1822 χῶ
1063 1757 1177 1811 θεός
1210 1757 1540 1807 σωνοέπτεται.“

189 1833 264 1878 ubi
295 1847 382 1877 una
415 1834 792 1889 comprehensione
834 1834 1095 1888 conjungens
1126 1833 1366 1891 Aeschylus
1401 1833 1612 1887 pluralem

187 1918 412 1949 numerum
457 1906 573 1951 vocis
628 1907 746 1951 θεοῦ
786 1919 882 1951 cum
922 1907 1090 1950 nomine
1132 1904 1250 1949 Jovis
1289 1904 1418 1959 idque
1462 1905 1612 1951 eodem

185 1990 314 2021 sensu
357 1990 506 2022 ansam
547 1977 732 2033 praebet
763 1978 1023 2033 suspicandi,
1054 1990 1152 2021 eum
1183 1976 1226 2019 in
1259 1977 1505 2021 universum
1535 1991 1611 2021 nu-

188 2146 394 2193 majestate,
425 2156 508 2182 esse
535 2146 783 2193 cogitandum.
831 2147 962 2190 Poeta,
988 2148 1029 2182 ut
1053 2145 1221 2189 arbitror,
1246 2146 1518 2192 spectatoribus
1542 2145 1613 2182 hac

188 2217 302 2242 scena
325 2206 499 2253 praebuit
516 2208 758 2253 conspectum
782 2207 819 2242 in
834 2206 1039 2254 Olympum,
1065 2209 1107 2242 ut
1117 2207 1170 2242 ita
1195 2206 1325 2249 dicam,
1350 2215 1471 2251 neque
1482 2206 1614 2242 Jovem

191 2267 238 2302 ad
263 2266 430 2302 homines
457 2266 620 2310 deduxit,
671 2267 738 2302 sed
764 2266 917 2302 adduxit
939 2266 1104 2302 homines
1131 2266 1177 2302 ad
1194 2267 1338 2304 Jovem.
1385 2266 1471 2302 Jam
1493 2276 1613 2313 paene

185 2327 274 2364 mihi
298 2327 399 2363 venit
423 2327 601 2373 suspicio,
631 2326 859 2373 Aeschylum
871 2327 1093 2362 Mercurium
1118 2336 1297 2373 personas
1310 2326 1417 2362 Jovis
1441 2328 1612 2373 agentem

190 2387 405 2423 exhibuisse
428 2389 470 2421 ut
492 2387 530 2421 in
555 2386 779 2422 Prometheo
804 2387 939 2429 vincto,
979 2387 1195 2433 praesertim
1232 2397 1343 2432 quum
1383 2386 1421 2421 in
1450 2386 1550 2422 vasis
1576 2388 1615 2422 et

178 2459 253 2484 nna
291 2449 422 2495 patera
446 2446 531 2491 (vid.
558 2445 671 2483 Hirtii
697 2446 957 2490 ,‚Bilderbuch‚
994 2458 1031 2494 p.
1057 2445 1129 2493 66.)
1153 2446 1360 2482 Mercurius
1383 2446 1490 2482 Jovis
1526 2446 1610 2483 loco

183 2508 391 2543 inveniatur
414 2518 535 2553 neque
564 2506 690 2542 videre
704 2507 855 2553 possim,
882 2517 947 2542 cur
972 2507 1132 2542 artifices
1153 2505 1315 2542 fabulam
1331 2506 1610 2550 immutaverint,

184 2568 255 2604 nisi
280 2568 375 2603 forte
400 2577 551 2603 scenam
590 2566 774 2612 quandam
799 2566 872 2601 sint
894 2566 1036 2603 imitati.
1112 2566 1344 2603 Testimonia
1377 2576 1487 2613 porro
1524 2568 1612 2603 sunt

187 2639 371 2674 suspensa
396 2639 441 2663 ex
465 2626 620 2663 Homeri
644 2626 958 2672 interpretatione,
985 2628 1026 2662 ut
1050 2627 1214 2673 suspicio
1240 2637 1314 2661 non
1340 2626 1448 2669 absit,
1474 2637 1519 2662 ea
1530 2626 1609 2662 Ho-

188 2688 279 2724 meri
302 2687 423 2723 locum
447 2688 589 2722 tantum
615 2687 700 2721 ante
726 2677 853 2722 oculos
878 2686 1027 2724 habere.
1078 2686 1154 2724 Sed
1172 2686 1327 2734 jamjam
1347 2696 1529 2734 oppressa
1552 2687 1611 2722 est

189 2759 273 2784 mea
304 2748 468 2794 suspicio
500 2750 538 2783 et
560 2746 793 2782 multitudine
816 2747 1108 2783 testimoniorum
1133 2749 1170 2782 et
1185 2746 1352 2782 Pollucis
1378 2746 1607 2784 auctoritate.

183 2808 268 2845 Vid.
295 2808 425 2853 fragm.
450 2807 561 2844 Num.
587 2806 658 2843 276
684 2817 743 2853 ap.
767 2806 878 2841 Dind.

276 2867 324 2915 ⁸⁰)
350 2867 437 2904 Vid.
477 2867 650 2904 Mueller:
696 2866 890 2905 Eumenid.
929 2877 965 2913 p,
1006 2867 1136 2913 118sq.
1199 2865 1475 2914 Naegelsbach,
1523 2865 1545 2902 1.
1583 2864 1607 2905 1.

188 2940 224 2975 p.
252 2929 386 2973 137sq.
434 2927 618 2963 Klausen:
645 2927 852 2972 ,‚Theolog.
878 2926 1091 2973 Aeschyli“,
1115 2937 1150 2973 p.
1178 2926 1288 2972 ἴδες.
