1855 3214
910 289 968 332 42

138 409 141 412 ¹
224 417 483 477 mythorum,
516 420 863 475 nuncupandum.
874 420 930 474 ⁶⁶)
995 419 1080 463 Sed
1127 419 1180 462 de
1233 430 1284 461 ea
1333 430 1383 462 re
1420 417 1644 472 hactenuS,

225 504 336 534 nunc
365 492 456 546 jam
488 491 569 535 fati
601 491 802 548 (μοίρας)
836 491 1139 544 investigemus
1172 491 1400 536 notionem.

344 563 472 618 Apud
502 562 771 608 Herodotum
815 574 945 618 saepe
978 561 1099 606 nobis
1137 562 1325 606 occurrit
1367 574 1450 606 vox
1480 561 1646 620 μοίρας

224 635 469 688 significans
502 635 568 678 vel
614 637 758 677 terrae
802 635 870 678 vel
902 635 1116 678 exercitus
1158 637 1328 689 partem
1384 634 1437 690 (Ι,
1472 637 1541 687 73,
1576 636 1645 687 75,

230 711 327 761 146,
365 705 466 761 157;
499 706 573 760 IV,
610 706 718 759 1613
757 706 807 760 V,
842 706 1057 761 57;,VII,
1091 705 1180 762 91),
1231 705 1339 750 alias
1383 708 1532 760 partes
1582 704 1649 749 vel

224 778 431 822 factiones
464 778 533 835 (V,
558 778 631 833 69)
667 781 758 821 tum
790 778 943 831 locum,
977 790 1060 832 quo
1093 778 1186 832 quis
1217 776 1402 821 habetur
1433 777 1509 834 (ΙΙ,
1531 777 1646 832 172).

344 851 536 904 Itemque
571 849 688 904 apud
720 849 982 908 Aeschylum
1020 846 1257 911 invenimus
1296 849 1489 893 diversas
1521 848 1648 903 hujus

224 923 337 965 vocis
369 921 719 976 significationes,
751 925 800 965 ut
833 920 1019 977 Choeph.
1054 935 1092 966 v.
1127 923 1387 966 238—241:

401 988 462 1045 .,ὦ
494 990 697 1051 τερπνόν
727 990 844 1049 ὄμμα
875 991 1097 1051 τέσσαρας
1128 995 1301 1051 μοίρας
1331 996 1437 1052 ἔχον

403 1068 527 1124 ἐμοί·
563 1062 834 1122 προσαυδᾶν
865 1063 900 1108 δ’
935 1060 1025 1109 ἔστ’
1056 1059 1311 1123 οἷναγκαίως
1339 1061 1444 1123 ἔχον

404 1131 586 1195 πατέρα
618 1153 668 1180 τε
702 1135 778 1180 καὶ
806 1132 861 1180 τό
892 1130 1070 1194 μητρός
1103 1140 1148 1186 ἐς
1180 1129 1228 1181 σεΙ
1256 1152 1333 1193 μοι
1365 1131 1493 1194 ῥέπει

402 1204 690 1267 στέργηθρον
708 1212 755 1233 ·“
790 1207 964 1266 (PatriS‚
984 1208 1151 1263 matriS,
1183 1207 1348 1262 fratriS,
1380 1206 1541 1252 sororis
1558 1206 1649 1252 loco

220 1285 269 1325 tu
300 1281 405 1324 mihi
436 1293 481 1323 es
513 1278 773 1336 habendus.)

220 1358 264 1396 et
295 1353 509 1397 Eumend.
541 1365 580 1395 v.
619 1355 703 1395 104
733 1355 778 1395 et
814 1356 918 1396 105:

371 1421 594 1478 „ev‘J'dovoa
626 1419 712 1481 γάρ
746 1420 870 1480 φρήν
912 1420 1123 1481 ὄμμασιν
1155 1419 1494 1482 λαμπρύνεται,

371 1501 421 1540 ἐν
453 1489 606 1552 ήμὲρᾳ
640 1493 688 1538 δὲ
718 1489 844 1551 μοῖρ’
875 1489 1173 1552 α’πρόσκοπος
1203 1495 1435 1551 βροτῶν“.

220 1581 346 1624 quem
399 1567 540 1629 locum
573 1567 637 1610 ita
668 1569 859 1620 vertam3
913 1565 1056 1609 anima
1089 1564 1317 1620 dormiens,
1349 1565 1476 1610 claris
1518 1565 1650 1610 oculis

218 1641 350 1694 videt,
382 1639 573 1683 iuterdiu
605 1639 824 1695 (vigilans)
856 1639 1073 1682 hominum
1105 1642 1263 1683 natura
1295 1634 1487 1696 (οὐσία),
1540 1638 1643 1693 quid

218 1713 275 1756 sit
306 1712 512 1764 futurum,
546 1722 631 1754 non
662 1714 807 1766 potest
836 1710 1079 1765 providere.
1126 1710 1236 1754 Vide
1267 1722 1396 1765 perro
1417 1709 1644 1755 Eumenid.

217 1798 256 1828 v,
313 1786 420 1827 476:
490 1775 653 1836 „azima
722 1782 1017 1839 (Eumenides)
1089 1777 1281 1842 δ’ἔχουσι
1337 1788 1503 1841 μοῖραν
1565 1777 1646 1826 οὐκ

218 1852 529 1912 εὐπέμπολον,
560 1852 634 1896 ubi
656 1866 791 1909 aeque
822 1867 872 1898 ac
904 1867 1036 1909 supra
1067 1857 1144 1898 aut
1174 1854 1227 1897 de
1250 1856 1407 1899 natura
1435 1852 1645 1898 moribus-

217 1941 298 1982 que
332 1929 409 1971 aut
444 1925 496 1969 de
545 1937 722 1970 munere
753 1926 1039 1970 Eumenidum
1088 1939 1226 1970 sermo
1268 1930 1349 1971 est.'
1407 1925 1492 1983 (Cf.
1526 1926 1644 1982 Sept.

216 2015 255 2045 v.
291 2004 400 2052 9473
449 1999 601 2053 Agam.
635 2012 673 2042 v.
706 2002 837 2053 -1025,
895 2000 1041 2056 1146.)
1112 1999 1306 2054 Itemque
1352 1998 1532 2044 verbum
1566 2016 1644 2043 πε-

219 2073 435 2129 πρῶσθαι
469 2084 548 2125 pro
581 2071 833 2125 pronomine
864 2072 1105 2125 possessivo
1137 2073 1323 2126 positum
1340 2076 1407 2115 est
1436 2072 1480 2114 in
1495 2072 1645 2125 Agam.

214 2157 252 2188 v.
291 2147 427 2188 1657:
476 2137 681 2201 „do'fflovg
714 2143 1077 2201 πεπρωμένὸυς“
1127 2143 1380 2202 (heriditate
1412 2142 1643 2200 acceptas).

332 2217 400 2259 En
430 2213 564 2258 habes
595 2215 732 2269 viam,
778 2227 864 2269 qua
911 2216 1030 2260 notio
1078 2216 1238 2274 μοίρας
1271 2229 1297 2259 a
1327 2216 1534 2271 profana,
1596 2220 1646 2260 ut

215 2289 277 2333 ita
329 2288 489 2341 dicam,
555 2290 598 2330 et
662 2287 915 2341 quotidiana
960 2287 1271 2342 significatione
1331 2289 1528 2344 procedit
1587 2289 1645 2333 ad

215 2374 382 2406 sacram
427 2373 478 2404 ac
522 2360 735 2413 divinam3
787 2358 842 2404 ab
889 2359 966 2403 illa
1014 2361 1127 2404 enim
1170 2362 1357 2416 notione,
1405 2374 1490 2419 qua
1536 2361 1643 2407 haec

214 2446 295 2476 vox
352 2432 559 2486 quusque
614 2432 680 2475 rei
740 2435 942 2476 naturam
1007 2432 1244 2486 significat,
1307 2445 1416 2477 unus
1475 2438 1644 2478 tantum

212 2504 375 2558 gradus
407 2507 475 2547 est
506 2503 563 2546 ad
596 2503 787 2546 divinam
819 2502 938 2546 illam
969 2504 1055 2547 vim
1092 2508 1222 2559 atque
1253 2507 1525 2560 potestatem,
1557 2518 1642 2561 qua

214 2581 306 2620 tota
336 2589 484 2621 rerum
517 2577 674 2619 natura
707 2579 825 2619 certo
842 2575 994 2619 ordine
1026 2580 1154 2630 atque
1173 2577 1298 2621 modo
1315 2577 1640 2633 circumscripta

213 2654 279 2694 est
310 2654 441 2705 atque
472 2649 720 2694 constituta.
784 2648 942 2704 Propie
984 2648 1118 2704 igitur
1149 2649 1289 2709 μοῖρα
1330 2647 1474 2709 (αἶσα)
1512 2650 1642 2705 signi-

212 2723 315 2764 ficat
346 2722 464 2764 illam
496 2721 651 2774 legem,
683 2733 795 2774 quae
827 2725 1030 2775 penetrat
1072 2727 1208 2767 totam
1249 2737 1395 2768 rerum
1426 2729 1642 2778 naturam,

211 2807 297 2847 qua
328 2806 406 2837 sua
442 2793 595 2847 cuique
630 2794 739 2837 adeo
780 2796 882 2836 sunt
912 2793 1125 2839 attributa
1164 2808 1213 2840 ao
1246 2796 1552 2849 determinata,
1593 2799 1643 2840 ut

211 2866 318 2910 fines
351 2879 378 2909 a
409 2869 565 2910 natura
597 2865 692 2920 ipsa
718 2866 974 2910 constitutos
1006 2878 1091 2910 non
1129 2869 1265 2923 possit
1299 2869 1462 2922 egredi.
1522 2869 1642 2921 Quae
1668 2876 1671 2881 ’

304 2974 350 3022 ⁶⁶)
375 2974 461 3011 Vid.
486 2973 724 3011 Welckerum
750 2974 773 3014 l.
799 2975 821 3015 l,
847 2985 882 3020 p.
910 2975 1041 3020 104sq.
