1855 3214
910 151 934 190 3

216 281 278 324 sic
309 281 554 334 redarguit:
610 282 684 335 „In
717 281 879 335 quibus
903 281 1059 335 verbis,
1099 282 1237 335 inquit
1268 282 1353 335 ille,
1393 283 1474 326 etsi
1506 284 1640 327 multa

216 355 328 406 sunt,
360 363 471 406 quae
503 364 705 406 magnam
736 345 977 408 praebeant
1015 353 1265 408 disputandi
1296 350 1545 407 materiam,
1587 367 1641 397 ea

215 427 359 471 tamen
390 427 655 480 praetereo,“
672 424 706 480 ⁸)
760 426 949 479 itemque
995 425 1127 469 infra:
1177 424 1236 483 (p.
1272 426 1346 481 53)
1394 438 1469 478 „ea
1500 426 1640 469 fateor

214 509 282 540 me
314 509 399 540 non
430 497 536 541 satis
568 496 852 551 intelligere“.
904 497 992 541 Iste
1024 497 1139 540 enim
1169 497 1213 539 id
1235 492 1504 551 potissimum
1535 498 1639 550 agit,

214 571 263 611 ut
293 569 505 621 ostendat,
537 579 883 622 unamquamque
914 568 1121 626 Aeschyli
1154 568 1347 612 fabulam
1379 569 1422 611 in
1455 580 1500 611 se
1534 581 1634 611 con-

214 639 367 683 sistere
410 643 454 683 et
493 652 572 693 per
616 652 662 682 se
694 642 832 682 totum
884 634 1101 693 quoddam
1142 639 1313 682 efficere
1354 651 1491 693 posse.
1566 640 1636 691 At,

213 722 385 765 quaeso,
416 722 555 754 nonne
572 723 704 754 unum
724 711 1006 763 enuntiatum,
1040 723 1178 754 nonne
1195 723 1282 753 una
1304 711 1418 753 vox?
1451 711 1639 765 Aeschy-

213 782 320 835 lum,
370 794 500 836 quum
532 784 750 825 certamen
782 782 990 826 musicum
1021 782 1213 836 subiret„
1232 782 1416 835 trilogiis
1448 785 1638 825 certasse

174 842 181 853 ’
213 865 299 897 non
337 856 480 908 potest
511 854 684 907 negari3
732 854 929 908 idemque
969 854 1060 897 sine
1098 855 1185 897 ulla
1229 853 1498 896 dubitatione
1548 856 1638 905 tres

214 924 398 979 fabulas,
436 937 546 980 quae
577 926 760 970 materia
792 939 844 970 ex
876 926 1068 981 eJ'usdem
1100 926 1236 981 mythi
1266 938 1380 979 penu
1413 925 1639 979 desumpta

213 997 515 1051 cohaererent,
562 997 717 1042 docere
755 996 934 1042 solebat.
999 997 1074 1041 Sin
1104 1009 1205 1041 vero
1245 997 1353 1039 illud
1387 996 1638 1051 addubitari

217 1081 302 1113 non
332 1073 487 1124 potest,
519 1080 602 1122 quo
634 1072 759 1122 pacto
793 1069 846 1112 de
878 1081 940 1122 eo,
982 1069 1095 1122 quod
1126 1069 1236 1122 volo,
1265 1068 1528 1126 Aeschylum
1559 1081 1637 1122 per

212 1141 290 1186 has
321 1144 414 1186 tres
442 1140 692 1195 tragoedias
741 1141 855 1185 idem
895 1140 1117 1184 consilium
1162 1140 1427 1194 eandemque
1467 1143 1637 1183 senten-

215 1214 335 1260 tiam,
367 1224 452 1266 qua
484 1212 705 1256 efficerent
735 1215 870 1256 totum
903 1213 1119 1266 quoddam
1139 1213 1253 1255 omni
1286 1225 1338 1256 ex
1369 1216 1496 1266 parte
1512 1212 1636 1256 abso-

213 1285 363 1337 lutum,
396 1283 665 1338 pertexuisse
694 1284 746 1326 lis
778 1284 940 1327 moveri
954 1285 1124 1338 potest?
1159 1284 1245 1327 Sed
1262 1296 1314 1326 ne
1329 1284 1447 1337 J'usto
1476 1284 1637 1326 diutius

212 1355 431 1399 Exnerum
461 1366 697 1408 moremur,
740 1355 938 1409 equidem
979 1367 1057 1409 pro
1100 1359 1218 1399 certo
1258 1355 1416 1407 habeo,
1465 1358 1637 1409 poetam

212 1430 406 1470 nostrum
438 1430 526 1470 tres
559 1425 730 1470 fabulas
768 1427 977 1470 Phineum
992 1460 1002 1480 ,
1047 1427 1216 1479 Persas,
1263 1425 1474 1470 Glaucum
1505 1427 1635 1470 mari-

212 1511 315 1542 num
346 1499 391 1542 in
412 1498 611 1553 trilogiae
633 1498 815 1542 formam
845 1499 1131 1555 redegisse;⁹)
1163 1498 1242 1542 hoc
1262 1501 1429 1542 tantum
1452 1498 1636 1542 strictim

212 1570 428 1625 attingere
461 1570 505 1613 in
542 1570 682 1614 animo
714 1570 871 1623 habeo,
913 1571 958 1613 in
998 1574 1191 1615 nostram
1231 1571 1450 1624 trilogiam
1491 1573 1637 1614 utrum

212 1642 269 1686 sit
297 1642 547 1696 recipienda
581 1641 787 1691 Γλαῦκος
807 1637 1051 1696 Ποτνιεῦς,
1085 1655 1142 1686 an
1177 1642 1380 1691 Γλαόκος
1415 1638 1635 1691 Πόντιος.

330 1713 603 1758 Hermannus
651 1715 849 1768 quidem,
892 1715 1006 1768 quod
1048 1714 1372 1767 arbitrabatur,
1427 1714 1637 1758 Glaucum

211 1785 425 1829 marinum
457 1785 614 1831 drama
645 1798 738 1830 esse
770 1786 1088 1844 satyricum,¹⁰)
1122 1786 1332 1830 Glaucum
1363 1786 1636 1830 Potniensem

310 1963 338 2012 ⁸)
353 1965 433 2008 „De
448 1965 760 2012 scholaAeschyli
774 1968 810 2001 et
824 1965 1054 2011 trilogiarum
1068 1964 1244 2000 ratione“.
1269 1964 1422 2002 Vratisl.
1437 1966 1542 2008 1840,
1555 1977 1591 2012 p.
1601 1966 1636 2003 4.

310 2025 339 2072 ⁹)
366 2025 452 2062 Vid.
476 2026 523 2062 L.
550 2025 734 2062 Schmidt:
760 2025 919 2069 „Bilden
945 2024 1004 2060 die
1030 2024 1108 2060 drei
1135 2024 1305 2060 Theban.
1329 2024 1543 2071 Tragodien
1570 2025 1636 2061 des

221 2084 427 2131 Sophocles
443 2085 523 2119 eine
539 2085 752 2130 Trilogie“?
777 2085 813 2119 in
828 2083 1151 2129 „Symbol.philol.
1177 2084 1388 2120 Bonnens“.
1405 2085 1512 2130 Lips.
1532 2085 1636 2127 1864,

214 2153 251 2190 p.
277 2144 346 2185 221
357 2154 412 2189 sq.

310 2202 355 2250 ¹⁰)
380 2204 460 2246 „De
484 2203 665 2250 Aeschyli
696 2203 882 2246 Glaucis“,
915 2215 952 2250 p.
978 2204 1019 2247 85
1047 2202 1193 2249 Opusc:
1226 2203 1274 2245 II,
1301 2214 1337 2249 p.
1363 2201 1473 2248 64sq.
1522 2202 1639 2238 Movit

212 2264 466 2300 Hermannum
490 2263 562 2299 hoc
586 2263 816 2311 potissimum
854 2263 1184 2310 fragmentum:.——
1215 2273 1273 2309 ap.
1311 2262 1544 2298 Athenaeum
1569 2262 1637 2304 III,

211 2335 247 2371 p.
273 2324 411 2361 878-
439 2322 673 2370 .,Ἀρσενικοῖς
698 2322 852 2371 (κόγχοι)
879 2321 910 2358 δ’
920 2321 1097 2367 Αἰσχύλος
1122 2322 1159 2358 ἐν
1184 2324 1330 2368 Ποντίῳ
1355 2328 1383 2359 I
1384 2321 1520 2367 ’λαῦκῳῖ
1547 2322 1636 2370 κόγ-

143 2386 145 2388 ’
210 2398 288 2439 χοι,λ
303 2383 386 2430 μύες
410 2382 613 2429 κῶςτρεια,“
640 2382 764 2430 (Dind.
796 2383 844 2422 N.
870 2382 930 2429 25)
969 2393 1088 2429 neque
1125 2383 1245 2418 minus
1285 2382 1486 2418 scholiasta
1513 2382 1636 2419 Theo-

211 2444 293 2481 crit.
319 2443 385 2487 IV,
411 2443 469 2483 62.
494 2443 613 2488 „Tov'c
635 2442 819 2491 Σατιῖροις
845 2441 1027 2490 (diapante
1051 2454 1097 2479 ex
1121 2443 1263 2479 scholio
1293 2442 1467 2479 inferiore
1498 2443 1639 2479 addidit

214 2504 459 2542 Gasaubonus
485 2503 531 2539 de
555 2506 665 2550 satyr.
691 2505 796 2550 poesi
821 2505 849 2547 I,
874 2503 922 2551 5.)
967 2503 1004 2539 οἱ
1036 2503 1194 2540 πλείονές
1219 2517 1336 2549 φασιν,
1376 2503 1423 2541 οἷς
1460 2510 1519 2540 καὶ
1557 2505 1638 2541 τοιῗς

212 2563 403 2611 Σειληνοός
426 2569 485 2600 καὶ
509 2564 645 2610 Πᾶνας,
694 2562 741 2601 οἷς
766 2562 941 2607 Αἵσχιῗλος
966 2564 1032 2610 μὲν
1066 2562 1105 2598 ἒν
1130 2562 1293 2608 Γλαύκῳ,
1330 2563 1522 2611 Σοφοκλῆς
1545 2562 1575 2599 δ’
1600 2565 1638 2599 ἐν

211 2623 474 2671 Ἀνδρομέὃᾳ“.
501 2624 725 2661 Welckerus
740 2627 869 2661 contra
889 2615 1070 2670 probavit,
1096 2622 1179 2658 illas
1193 2634 1304 2659 voces
1315 2625 1532 2670 tragoediae
1549 2635 1637 2670 quo-

219 2695 291 2731 que
313 2684 524 2727 convenire,
568 2685 667 2731 quod
692 2684 900 2722 Silenorum
937 2684 975 2718 in
1001 2683 1144 2719 Glauco
1185 2683 1326 2719 marino
1363 2685 1500 2720 mentio
1540 2684 1640 2719 facta

220 2743 331 2788 esset,
356 2744 395 2780 id
419 2744 565 2781 minime
591 2754 675 2781 esse
699 2746 926 2791 argumento,
953 2743 1115 2779 fabulam
1141 2750 1224 2779 esse
1249 2744 1457 2790 satyricam,
1483 2744 1520 2779 id
1540 2744 1657 2790 quod

213 2804 294 2853 ,iam
317 2804 492 2842 Pauwius
519 2802 581 2851 (cf.
606 2803 782 2841 Bliimner
804 2805 828 2841 l.
854 2804 877 2839 l.
902 2814 938 2852 p.
965 2802 1025 2851 19)
1051 2803 1200 2839 monuit.
