1855 3214
899 162 955 206 47

222 286 438 352 γενέσθαι
459 293 505 336 ἐκ
521 291 605 337 τοῦ
637 291 770 344 θεοῦ,
803 286 1049 352 οἷμήχανον
1070 286 1332 349 οἷποτρὲψαι
1355 286 1636 349 α’νθρώπῳιί.

224 367 269 420 et
298 364 332 417 Ι,
366 367 444 408 87:
479 357 625 416 ,,α’λλα“
658 363 808 408 ταῦτα
840 362 1120 422 δαίμοσίκου
1142 362 1277 421 φίλον
1293 356 1355 420 ἦν
1373 358 1635 422 γενέσθαι“.

225 434 309 493 (Of.
342 435 438 489 VII,
471 439 511 489 8,
544 435 567 490 ξ
604 438 642 488 1,
676 434 750 488 IX,
787 438 865 489 783
896 435 978 489 III,
1011 438 1118 488 119;
1149 434 1248 488 VII,
1283 438 1366 485 18.)

343 507 461 559 Quae
492 518 621 560 quum
661 507 724 550 ita
756 507 860 560 sint,
893 506 1158 558 Herodotum
1194 506 1312 550 haud
1348 505 1475 550 aliter
1506 509 1635 560 atque

223 577 482 633 Aeschylum
509 578 713 622 sensisse
762 578 814 622 de
860 579 1024 637 μοίρας
1082 582 1125 622 et
1173 578 1413 622 divinitatis
1462 578 1635 622 notione

224 662 454 708 eorumque
486 650 791 704 vicissitudine,
823 650 926 694 mihi
957 650 1104 695 videor
1135 649 1447 706 comprobasse.
1489 649 1635 694 Enim-

220 734 322 767 vero
354 722 470 778 apud
501 722 731 777 scriptores
772 726 940 767 nostros
982 727 1070 768 tam
1110 726 1204 767 arte
1241 735 1398 767 numen
1446 722 1635 766 divinum

222 807 317 839 cum
345 794 499 852 Μοίρᾳ
550 798 616 839 est
648 795 939 851 conjunctum,
984 800 1034 839 ut
1078 795 1388 850 quodammodo
1419 794 1463 838 in
1504 807 1635 838 unum

222 866 418 920 idemque
456 866 693 911 coalescere
735 870 863 921 atque
908 868 1134 912 convenire
1179 868 1423 911 videantur.
1491 866 1631 918 Quum

222 950 431 981 summum
462 951 617 983 numen
648 938 837 983 divinum
878 940 1025 994 utique
1065 952 1160 983 cum
1193 940 1346 997 Μοίρᾳ
1378 938 1629 991 consentiat,

221 1009 337 1053 haud
368 1010 431 1053 ita
462 1010 641 1054 multum
671 1023 850 1054 munera
881 1024 1028 1055 eorum
1058 1012 1347 1066 dijudicantur
1380 1013 1509 1064 atque
1543 1011 1628 1053 dis·

221 1086 474 1133 cernuntur;
509 1094 645 1137 neque
676 1086 820 1126 tamen
850 1083 965 1138 apud
996 1087 1163 1127 veteres
1194 1082 1363 1126 omnino
1384 1085 1540 1126 coeunt
1571 1081 1635 1124 dii

222 1165 317 1198 eum
352 1152 529 1211 Μοίρας
568 1154 611 1199 vi
652 1157 781 1208 atque
825 1158 1060 1209 potestate3
1114 1155 1173 1197 dii
1219 1155 1331 1198 enim
1370 1152 1634 1199 Graecorum

221 1228 321 1269 sunt
350 1238 377 1270 a
406 1225 615 1280 principio
651 1238 861 1280 personae
901 1239 951 1271 ae
990 1226 1124 1270 libero
1156 1225 1350 1279 arbitrio,
1383 1225 1521 1270 libera
1561 1237 1632 1268 vo-

221 1297 399 1351 luntate,
431 1297 569 1341 libera
600 1301 816 1352 potestate
847 1300 1051 1352 utuntur;
1091 1296 1237 1355 Μοῖρα
1268 1300 1413 1342 autem
1436 1301 1503 1341 est
1533 1297 1633 1341 sub-

221 1371 419 1414 stitutum
450 1369 665 1424 quoddam
696 1370 922 1425 personale
959 1371 1101 1425 legum
1141 1369 1418 1414 naturalium.
1481 1370 1634 1413 Restat

220 1454 390 1497 semper
420 1441 536 1496 apud
568 1444 736 1485 veteres
768 1441 840 1485 ille
873 1442 1108 1485 dualismus
1146 1442 1259 1485 inter
1292 1442 1560 1486 divinitatem
1591 1445 1635 1484 et

222 1518 436 1567 naturam,
469 1525 596 1567 quem
628 1514 757 1558 etiam
789 1513 1041 1568 philosophi,
1073 1513 1295 1557 Platonem
1326 1517 1454 1568 atque
1471 1514 1634 1558 Aristo-

215 1586 344 1630 telem
395 1586 513 1639 dico,
563 1585 757 1640 quamvis
806 1589 994 1630 mentem
1042 1585 1231 1629 divinam
1279 1585 1633 1640 perfectissimam

217 1668 436 1712 paeneque
470 1658 721 1716 absolutam⁴
744 1658 988 1713 exhibeant,
1022 1658 1269 1713 transgredi
1299 1670 1383 1703 non
1403 1661 1636 1714 potuerunt

216 1729 301 1786 (Cf.
334 1729 520 1773 Brandis
551 1730 579 1774 1.
612 1730 639 1774 l.
672 1730 752 1783 ΙΙΙ,
792 1735 809 1773 1
845 1744 885 1785 p.
924 1734 1006 1774 113
1037 1730 1135 1785 sq.).

331 1801 479 1855 Neque
495 1803 820 1846 ommittendum
846 1806 922 1855 est,
951 1802 1065 1856 apud
1082 1801 1315 1855 scriptores
1338 1805 1505 1847 nostros
1520 1801 1633 1846 locos

216 1885 382 1928 quoque
398 1873 592 1923 inveniri,
611 1872 767 1931 quibus
783 1874 900 1927 deus,
913 1873 1153 1928 Apollinem
1169 1873 1276 1926 dico,
1297 1877 1446 1917 eontra
1455 1876 1634 1931 Μοίρας

216 1946 301 1989 vim
331 1945 550 1989 reluctans
582 1944 821 1998 exhibetur,
868 1945 982 1999 quod
1029 1944 1153 1989 facile
1195 1944 1291 1989 fieri
1319 1946 1472 2001 potuit,
1517 1949 1632 2000 post-

216 2027 344 2071 quam
379 2017 561 2076 Μοίρας
593 2017 657 2060 vis
688 2021 818 2071 atque
848 2019 1039 2071 potestas
1070 2017 1114 2059 in
1156 2017 1393 2071 complures
1431 2018 1533 2062 deas
1569 2022 1636 2061 est

217 2088 430 2145 dirempta
476 2092 616 2144 atque
670 2089 819 2134 divisa.
881 2088 990 2133 Vide
1030 2089 1064 2142 Ι,
1108 2092 1185 2132 91:
1228 2085 1634 2147 ,,προθυμεομε’νου

218 2160 267 2205 δὲ
305 2161 479 2213 Λοξίεω
529 2159 639 2211 ὅκως
677 2158 737 2213 ἄν
772 2158 889 2205 nava*
929 2158 1037 2210 τούς
1078 2160 1247 2209 παῖδας
1286 2155 1395 2210 τούς
1429 2161 1634 2219 Κροίσου

217 2227 398 2292 γένοιτο
431 2229 492 2277 τό
523 2231 729 2291 Σαρδίων
761 2228 921 2281 ποίθος
953 2232 1025 2276 καὶ
1044 2228 1112 2289 μή
1137 2227 1233 2277 κατ’
1250 2227 1399 2279 αὐτόν
1419 2232 1634 2290 Κροῖσον,

220 2299 301 2350 οὐκ
334 2299 434 2350 οἷόν
465 2322 515 2349 τε
547 2301 731 2364 ἐγένετο
764 2310 1045 2363 παραγαγεῖν
1070 2303 1242 2364 μοίρας.
1305 2300 1417 2348 ὅσον
1448 2302 1496 2347 δὲ
1528 2301 1632 2348 ἐνέ-

220 2374 368 2439 δῳκαν
401 2370 555 2430 αὗται,
616 2371 759 2434 ἤνυσέ
800 2394 848 2420 τε
887 2379 959 2420 καὶ
1004 2370 1243 2435 ἐχαρίσατό
1284 2377 1350 2419 οἱ·
1412 2374 1515 2433 τρία
1546 2372 1631 2433 γάρ

221 2450 323 2493 ἔτεα
353 2443 664 2507 ἐπανεβάλετο
697 2444 786 2505 τήν
817 2446 1022 2505 Σαρδίων
1054 2444 1237 2499 ἅλωσιν,
1270 2446 1343 2490 καὶ
1374 2448 1514 2490 τοῦτο
1534 2449 1631 2489 ἐπι-

164 2574 170 2577 ,
219 2517 409 2564 στοίσθω
442 2522 639 2578 Κροῖσος
670 2515 727 2569 οἷς
757 2517 951 2579 ὕστερον
981 2528 1098 2564 τοῖσι
1131 2520 1250 2564 ἔτεσι
1268 2514 1472 2563 τούτοισι
1494 2512 1632 2565 οἳλούς

218 2592 302 2650 τῆς
333 2587 697 2650 πεπρωμένης.“

218 2669 263 2708 et
292 2663 413 2709 Eum.
445 2676 483 2709 v.
521 2666 605 2707 723
638 2668 683 2708 et
715 2667 814 2720 724,
846 2668 891 2710 et
923 2667 1007 2709 727
1039 2668 1083 2709 et
1117 2666 1225 2709 728:

338 2732 545 2791 ,,τοια·ῡτ’
575 2737 766 2796 ἔδρασας
797 2740 870 2781 καὶ
909 2732 1103 2795 Φέρητος
1130 2740 1180 2782 ἐν
1212 2733 1395 2797 δόμοις·

342 2809 518 2869 Μοίρας
549 2808 733 2859 ἔπεισας
765 2806 997 2868 ἀφθίτους
1028 2814 1183 2855 θεῖναι
1215 2806 1460 2869 βροτούς“.
