1855 3214
933 180 989 220 43

255 305 325 348 lex
358 309 486 360 atque
520 308 583 350 vis
614 320 745 361 quum
770 311 1009 363 temporum
1040 310 1222 353 decursu
1253 309 1435 363 speciem
1454 311 1670 364 quandam

249 389 471 433 personae,
503 382 552 423 ut
567 378 662 423 fieri
692 379 801 424 solet
822 381 938 436 apud
954 380 1156 434 GraeCOS,
1188 381 1441 436 accepisset,
1464 385 1508 425 et
1532 394 1665 436 agens

252 450 520 504 etcogitans
550 450 807 506 putabatur:
840 453 1010 510 (Agam.
1046 453 1176 509 1535)

396 521 553 580 ,δίκην
584 517 623 567 δ’
651 518 723 567 ἐπ’
753 520 860 568 ἄλλο
893 525 1083 584 πρᾶγμα
1115 520 1310 584 θηγάνει
1341 520 1520 584 βλάβης

395 593 512 651 πρός
543 591 698 644 ἄλλαις
730 593 981 654 θηγάναισι
1012 598 1219 654 Μοῖρα“.

212 722 214 724 ¹
249 669 294 711 et
327 665 531 721 (Choeph.
563 679 601 711 v.
638 669 753 722 647.)

460 734 780 797 ,,προχαλκεύει
822 733 860 782 δ’
889 737 1010 783 Αἶσα
1054 737 1452 800 φασγανουργός“.

249 812 294 854 et
325 809 493 868 (Agam.
530 809 793 866 127—130.)

527 877 683 927 πάντα
715 881 763 926 δὲ
794 880 980 942 πύργων

526 948 672 1009 κτήνη
704 950 885 1011 πρόσθε
915 950 973 997 τοὶ
1007 954 1329 1012 δημιοπληθῆ,

526 1025 680 1082 Μοῖρα
711 1020 897 1076 λαπάξει
931 1022 1047 1083 πρός
1078 1021 1133 1069 τό
1164 1025 1345 1083 βίαιον·
1357 1030 1384 1052 “

244 1097 328 1155 (Cf.
361 1098 482 1142 Eum.
515 1110 554 1141 v.
589 1100 687 1151 335,
721 1101 820 1153 911,
858 1099 970 1151 172.)

369 1168 487 1213 Alias
517 1168 649 1213 habet
677 1181 758 1212 vox
780 1169 856 1212 illa
886 1169 971 1212 vim
993 1169 1206 1223 passivam
1227 1172 1271 1212 et
1286 1169 1511 1223 significat,
1543 1172 1656 1224 quod

244 1240 395 1295 cuique
435 1243 500 1284 est
538 1239 795 1284 attributum
844 1243 889 1284 et
919 1241 1217 1293 constitutum,
1264 1241 1471 1295 imprimis
1511 1245 1655 1285 autem

243 1315 424 1355 mortem
468 1312 536 1355 vel
574 1323 731 1355 necem.
791 1310 875 1367 (Of.
908 1312 1057 1366 Agam.
1106 1325 1144 1355 v.
1180 1314 1306 1365 1313,
1351 1315 1477 1366 1321,
1528 1316 1653 1366 1365,

249 1386 392 1436 14513
443 1382 630 1436 Ohoeph
662 1395 701 1425 v.
735 1385 841 1426 987
852 1385 897 1426 et
929 1386 1014 1427 988
1046 1386 1090 1426 et
1133 1383 1254 1437 alias,
1287 1383 1447 1427 Herod.
1479 1383 1513 1436 1,
1550 1386 1652 1436 121;

240 1454 322 1508 ΠΙ,
356 1457 433 1507 64;
465 1453 538 1506 IV,
576 1453 691 1508 164.)
732 1451 790 1509 ⁶⁷)

328 1525 456 1570 Jam
487 1537 589 1569 vero
621 1524 856 1579 quaeritur,
889 1536 998 1580 quae
1031 1526 1087 1570 sit
1117 1537 1279 1569 summo
1312 1502 1477 1569 numini
1510 1525 1652 1568 divino

238 1598 306 1642 vel
339 1598 422 1641 diis
455 1609 551 1641 cum
582 1597 656 1639 illa
686 1597 728 1639 vi
760 1597 904 1640 divina
943 1598 1115 1654 (μοιρᾳ)
1162 1598 1273 1641 ratio
1295 1631 1305 1651 ‚
1351 1610 1460 1651 quae
1505 1610 1652 1641 eorum

237 1669 498 1713 vicissitudo.
562 1668 822 1712 Monendum
868 1671 934 1712 est
964 1671 1131 1722 autem,
1171 1672 1371 1712 naturam
1409 1669 1477 1712 vel
1517 1674 1650 1712 mate-

238 1742 348 1785 riam
380 1741 433 1784 de
465 1731 727 1784 Graecorum
759 1741 972 1784 sententia
1020 1753 1103 1783 non
1136 1752 1229 1784 esse
1261 1753 1287 1783 a
1319 1740 1401 1783 diis
1432 1745 1648 1794 creatam;

238 1813 321 1856 imo
353 1825 454 1857 vero
501 1813 560 1855 dii
591 1824 643 1855 ex
674 1812 856 1855 materia
888 1812 1065 1869 ejusque
1097 1812 1139 1855 vi
1169 1815 1299 1865 atque
1331 1816 1490 1856 natura
1520 1814 1649 1867 origi-

243 1898 341 1930 nem
373 1885 602 1928 duxerunt.
663 1883 891 1927 Enimvero
932 1883 992 1926 dii
1023 1886 1125 1927 sunt
1153 1884 1264 1937 nati,
1309 1887 1468 1928 natura
1506 1888 1650 1928 autem

238 1958 413 2012 ejusque
443 1957 580 2011 leges„
628 1956 780 2010 quibus
811 1956 952 2000 omnia
982 1956 1255 1999 continentur
1285 1961 1419 2013 atque
1451 1969 1648 2001 coercen-

242 2032 326 2082 tur,
358 2032 460 2072 ante
501 2028 602 2071 deos
638 2027 772 2072 fuere.
840 2027 911 2070 Dii
948 2028 1100 2081 igitur,
1142 2039 1272 2080 quum
1316 2028 1403 2071 sint
1442 2030 1646 2081 quodam-

241 2101 367 2145 modo
399 2106 578 2145 naturae
609 2099 741 2155 ipsius
764 2111 895 2154 opera
926 2111 1060 2153 eaque
1090 2098 1414 2153 perfectissima,
1446 2103 1648 2145 naturam

241 2174 417 2228 ejusque
447 2173 564 2227 leges
594 2175 722 2226 atque
753 2172 985 2215 constituta
1016 2172 1164 2225 egredi
1196 2184 1280 2215 non
1300 2172 1504 2227 possunt.‘
1555 2174 1647 2226 Quo

241 2247 409 2301 spectat
445 2244 551 2289 illud
599 2243 909 2288 Herodoteum:
964 2241 1019 2300 (I,
1052 2242 1126 2299 91)
1174 2241 1291 2299 „miv
1337 2240 1648 2303 πεπρωμένην

235 2323 404 2375 μοῖραν
439 2311 646 2360 dobrawa?
680 2318 775 2359 ἐστι
809 2310 1067 2373 οἷποφυγεῖν
1098 2313 1171 2358 καὶ
1203 2315 1342 2373 θεῷ.“
1363 2316 1420 2372 ⁶⁸)

331 2472 378 2519 ⁶⁷)
403 2472 518 2519 ‘Apud
542 2470 773 2507 Herodotum
798 2481 910 2517 saepe
935 2470 1018 2506 aliis
1041 2470 1164 2506 verbis
1196 2471 1409 2518 exprimitur
1445 2481 1525 2507 sors
1561 2483 1646 2509 eon-

238 2532 375 2576 stituta,
401 2532 504 2568 verbi
528 2541 657 2568 causa:
693 2531 779 2578 χρῆν
801 2530 866 2579 γάρ
895 2529 937 2577 (Ι,
963 2529 1046 2573 12Ο;
1084 2530 1132 2573 Π,
1156 2530 1238 2575 55.),
1264 2530 1374 2577 χρεών
1397 2531 1471 2567 ἐστι
1496 2531 1556 2577 (V,
1583 2534 1646 2576 89;

235 2594 285 2637 Π,
309 2593 403 2639 139),
437 2592 483 2630 αῖς
507 2591 592 2637 δέοι,
618 2592 695 2630 ἐπεὶ
719 2590 758 2629 δέ
782 2591 821 2629 οἱ
842 2589 912 2628 ἴδω
939 2590 1000 2638 (Π,
1028 2590 1111 2634 161;
1136 2591 1183 2634 V,
1210 2592 1273 2638 333
1296 2591 1383 2635 VH,
1396 2591 1428 2635 6,
1455 2591 1517 2636 173
1541 2592 1646 2635 VIII,

240 2652 328 2696 141;
353 2653 419 2694 IX,
444 2651 530 2699 42),
556 2654 599 2688 το·
620 2652 748 2698 μέλλον
771 2652 852 2697 (III,
879 2652 936 2695 65,
961 2651 1026 2694 43;
1051 2651 1080 2693 Ι,
1106 2650 1214 2697 210.).

330 2711 378 2757 ⁶⁸)
405 2710 537 2758 Neque
584 2712 680 2749 enim
721 2711 903 2748 assentior
938 2710 1145 2753 Welekero,
1183 2711 1246 2757 qui
1283 2709 1386 2757 („Gr.
1423 2713 1561 2759 Myth.“
1601 2713 1649 2756 II,

241 2781 278 2819 p'.
305 2772 401 2817 188.)
428 2771 709 2817 ,,καὶθεῷ“ῃοη
732 2772 882 2819 proprio
908 2782 1019 2806 sensu
1044 2771 1110 2806 sed
1125 2769 1214 2817 ὅπερ
1228 2769 1380 2818 pol-mok-
1392 2772 1647 2819 accipiendum

244 2842 327 2869 esse
353 2832 559 2867 arbitratur.
606 2832 678 2870 Est
702 2832 792 2869 illud
816 2842 856 2867 re
880 2842 975 2874 vera,
1014 2832 1115 2879 puto,
1147 2841 1192 2869 ex
1216 2830 1400 2872 Herodoti
1433 2832 1492 2873 vel
1515 2843 1649 2879 aequa-
