1855 3214
929 254 985 295 4⁴6

373 380 521 434 Neque
585 381 726 426 minus
787 382 847 426 dii
909 382 1050 426 omnia
1111 381 1355 427 attribuunt
1415 381 1669 428 hominibus·

232 449 338 506 ⁰(Cf.
382 451 534 504 Agam.
582 465 619 494 v.
657 456 783 505 1335,
832 458 1031 507 60—703
1081 454 1268 508 Choeph.
1315 466 1354 498 v.
1397 457 1505 506 7803
1551 453 1669 499 Pers.

257 534 297 566 v.
333 525 433 575 348,
469 526 577 576 5323
612 523 728 578 Sept.
762 537 800 569 v.
837 527 935 577 625,
973 528 1099 578 1016,
1136 528 1248 569 1074
1281 528 1325 568 et
1355 524 1494 580 alias.)

374 593 606 637 Enimvero
635 595 728 649 jam
760 596 867 640 adeo
893 597 1119 649 sententia,
1153 597 1254 640 deos
1291 597 1436 639 omnia
1464 596 1672 653 perficere

256 666 300 707 et
330 663 409 708 fati
441 665 674 710 constituta
704 671 804 712 rata
836 667 992 722 facere,
1036 669 1152 724 apud
1185 668 1447 728 Aeschylum
1490 671 1671 723 constat,

252 739 301 780 ut
331 749 423 782 sors
454 738 549 793 ipsa
580 752 607 783 a
638 739 720 783 diis
732 740 944 799 proficisci
960 741 1176 786 videatur.
1210 740 1324 785 Vide
1340 741 1491 796 Agam.
1509 744 1670 798 v.912:

426 807 485 853 τοὶ
529 805 567 854 δ’
600 806 713 856 ἄλλα
745 812 936 871 φροντὶς
974 808 1058 873 οὐχ
1090 811 1221 872 ὕπνῳ
1255 807 1485 871 νικωμένη

432 877 570 937 θήσει
605 882 795 933 δικαίως·
817 879 903 929 σύν
933 889 1064 934 θεοῖς
1095 881 1393 943 εἷμαρμὲνα“.

251 950 494 1008 ibidemque
526 966 563 998 v.
601 957 913 1000 1025—1028:

675 1029 745 1081 „et'
775 1027 823 1072 δὲ
849 1025 913 1086 μή
946 1024 1207 1087 τεταγμένα

676 1107 816 1158 μοῖρα
847 1105 1017 1158 μοῖραν
1050 1103 1097 1143 ἐκ
1126 1100 1253 1144 θεῶν

674 1169 792 1230 εἶργε
817 1166 881 1228 μή
914 1167 1057 1215 πλέον
1090 1166 1289 1228 φέρειν’,

255 1240 340 1298 (cf.
373 1241 597 1286 Eumenid.
630 1256 668 1286 v.
705 1246 863 1297 391sq.
896 1243 1014 1288 Pers.
1047 1256 1085 1287 v.
1122 1244 1240 1299 373.)

381 1313 542 1357 Veram
574 1317 719 1357 autem
753 1315 867 1358 inter
898 1316 1085 1372 Μοῖραν
1123 1319 1167 1359 et
1195 1314 1344 1360 «Iovem
1384 1315 1672 1359 condicionem

261 1385 455 1429 indicant
484 1387 527 1429 hi
559 1386 807 1442 Supplicum
837 1399 1008 1431 versus:
1043 1387 1331 1445 (671—674.)

566 1456 705 1514 Ζῆνα
737 1454 888 1517 μέγαν
919 1454 1153 1516 σεβόντων

564 1526 650 1574 τόν
682 1525 832 1581 ξένιον
864 1525 1200 1588 δ’-ὐπερτοέτως

563 1598 616 1650 ὃς
647 1601 792 1658 πολιῷ
826 1598 953 1659 νόμῳ
986 1600 1123 1646 αἶσαν
1155 1597 1342 1659 ὅρθοῖ“.

255 1672 310 1718 ad
343 1685 453 1728 quae
484 1672 656 1718 addidit
686 1673 936 1718 scholiasta:
1005 1669 1060 1727 „0‘
1090 1669 1212 1724 Ζεύς
1244 1674 1307 1732 τῷ
1339 1669 1507 1733 α’ρχαίῳ
1540 1669 1668 1731 νόμῳ

249 1742 311 1789 τό
344 1747 469 1788 ἴσον
501 1751 718 1802 τηρεϊ“;
765 1758 949 1800 namque
989 1747 1101 1800 quod
1134 1748 1289 1803 Μοῖρα
1321 1745 1558 1798 constituit,
1605 1748 1671 1787 est

250 1830 434 1872 aequum
467 1830 517 1861 ac
543 1818 720 1873 J'ustum.

369 1890 563 1942 Itemque
618 1890 747 1943 apud³
784 1889 1067 1943 Herodotum,
1121 1888 1193 1932 ubi
1230 1889 1423 1943 respexit
1462 1899 1672 1931 summum
1738 1887 1744 1893 '

249 1973 407 2004 numen
441 1961 645 2014 divinum,
677 1961 797 2005 nulla
828 1961 943 2005 inter
972 1960 1108 2006 fatum
1140 1964 1185 2004 et
1217 1961 1341 2004 deum
1374 1962 1556 2015 apparet
1588 1959 1671 2002 dis-

253 2033 409 2085 sensio,
443 2033 564 2076 nulla
595 2033 823 2077 contentio.
885 2033 1075 2076 Deorum
1127 2045 1230 2077 cura
1277 2035 1406 2086 atque
1453 2031 1673 2075 voluntate

256 2105 348 2148 fata
379 2108 479 2150 rata
510 2104 632 2149 fiunt.
694 2104 804 2148 Vide
837 2105 870 2158 Ι,
914 2108 991 2148 45;
1034 2103 1125 2156 ,,εἶς
1158 2104 1206 2148 δὲ
1239 2100 1295 2147 ου’
1327 2099 1381 2148 σύ
1419 2101 1674 2162 μοι’τοῦὸε

258 2177 343 2220 τοῦ
373 2177 514 2220 ’κακοῦ
548 2178 710 2228 αἴτιος,
765 2178 803 2220 εἰ
843 2173 912 2235 μή
946 2173 1057 2221 ὅσον
1089 2171 1233 2220 α’έκων
1265 2172 1521 2235 ἐξεργάσαο,
1562 2170 1675 2218 α’λλοὶ

254 2248 380 2293 θεῶν
412 2244 495 2292 κού
524 2263 611 2302 τις,
645 2246 696 2297 ὅς
722 2265 797 2305 μοι
832 2248 903 2292 καὶ
938 2245 1079 2293 πάλαι
1119 2243 1436 2305 προεσήμαινε
1467 2241 1525 2291 τοὶ
1557 2241 1673 2304 μέλ-

249 2319 390 2363 λοντα
422 2317 649 2363 ἔσεσθαιίι.
689 2324 732 2363 et
763 2319 883 2373 VIII,
919 2323 994 2363 65:
1040 2323 1172 2376 ,,περὶ
1204 2319 1252 2363 δὲ
1284 2318 1503 2375 στρατιῆς
1534 2315 1672 2372 τῆσδε

249 2395 400 2435 θεοῖσι
433 2385 661 2448 μελήσει“.
726 2390 808 2447 (Cf.
843 2390 964 2445 VIII,
999 2392 1067 2445 13,
1106 2395 1202 2445 109,
1239 2393 1347 2443 143;
1379 2390 1454 2442 ΙΧ,
1490 2393 1566 2443 78;
1598 2387 1672 2438 lV,

252 2463 356 2515 1193
387 2462 438 2515 V,
473 2465 562 2516 85.)

371 2534 509 2586 Quam
551 2533 605 2577 ob
654 2546 746 2577 rem
792 2535 849 2577 ad
897 2534 998 2578 deos
1044 2546 1180 2588 aeque
1227 2536 1356 2587 atque
1401 2532 1458 2579 ad
1504 2539 1674 2591 μοῖραν

256 2618 387 2648 unum
419 2605 619 2663 idemque
650 2605 812 2650 factum
842 2608 1093 2649 revocatur:
1140 2605 1193 2661 (Ι,
1229 2607 1329 2659 124)
1361 2600 1445 2658 „10¹
1479 2602 1526 2647 δὲ
1558 2597 1674 2646 aava*

251 2674 392 2726 θεούς
423 2694 473 2721 τε
504 2677 578 2722 καὶ
611 2680 692 2735 ἐμὲ
726 2677 937 2735 περίειςιι.
970 2680 1014 2721 et
1047 2677 1098 2733 (I,
1138 2677 1254 2732 121.)
1295 2675 1354 2735 τῇ
1392 2675 1592 2720 σεωυτοῦ
1626 2673 1674 2719 δὲ

250 2765 392 2808 μοιρῃ
424 2749 654 2808 περίεις·“
685 2748 876 2806 (Cyrus).
1507 2805 1510 2807 q

383 2821 482 2866 Jam
525 2834 628 2865 vero
678 2820 892 2865 nonnullis
931 2819 1034 2863 locis
1085 2832 1179 2862 sors
1225 2819 1293 2862 vel
1340 2818 1478 2863 fatum
1525 2830 1550 2863 a
1592 2817 1674 2861 diis

259 2893 365 2948 ipsis
396 2892 608 2949 proficisci
640 2892 822 2936 videtur.
886 2892 996 2935 Vide
1028 2891 1102 2944 IX,
1140 2893 1213 2935 16:
1245 2889 1431 2944 ,,Ξεῑνε,
1474 2886 1501 2935 ὅ
1530 2905 1576 2933 τι
1609 2888 1674 2934 δεῖ
