1855 3214
899 290 956 329 44

341 418 727 461 verumenimvero
759 419 913 474 Μοῖρα
938 420 1013 461 est
1048 416 1123 460 illa
1154 417 1240 469 vis,
1281 428 1392 470 quae
1423 416 1640 460 emanavit
1701 431 1703 436 ¹

219 503 271 534 ex
301 493 498 533 veterum
536 489 754 543 opinione,
804 495 1005 533 naturam
1049 487 1265 542 quandam
1305 487 1373 532 vel
1411 486 1641 531 materiam

220 574 314 605 esse
364 562 551 605 omnium
599 573 746 605 rerum
785 574 958 605 causam
995 560 1297 615 principalem,
1340 572 1392 602 ex
1442 571 1527 613 qua
1578 558 1643 602 dii

219 644 356 688 aeque
388 636 517 688 atque
548 629 741 677 homines
772 633 857 677 orti
888 633 976 676 sint
1008 635 1138 686 atque
1169 630 1364 686 profecti,
1412 630 1484 674 dii,
1504 630 1637 684 igitur

225 718 360 760 aeque
391 708 520 758 atque
566 704 759 748 homines
801 705 864 748 illi
906 705 1076 748 divinae
1119 706 1302 747 naturae
1345 703 1657 757 obsequantur

220 780 349 831 atque
389 775 595 820 obediant
634 789 805 821 necesse
849 780 934 830 est,
979 789 1115 832 neque
1155 778 1335 832 possunt
1383 774 1503 819 illam
1554 774 1639 818 vim

220 847 448 903 effugere..
485 848 553 890 An
571 851 711 903 putas,
744 860 1014 903 quemquam,
1048 849 1120 903 qui
1153 860 1179 891 a
1202 850 1358 891 natura
1389 847 1531 890 omnia
1561 858 1640 889 sua

223 921 451 975 acceperit,
484 923 611 964 extra
642 924 845 966 naturam
876 934 1000 976 posse
1032 920 1208 977 egredi?
1613 933 1615 936 ·

338 992 448 1036 Vide
479 991 640 1037 Herod.
674 993 754 1047 III,
790 997 863 1038 65:
897 997 975 1047 „ev
998 994 1064 1053 vy}
1094 989 1180 1052 γάρ
1214 987 1491 1050 ἀνθρωπηίῃ
1525 985 1638 1047 φύσι

224 1065 306 1110 οὐκ
355 1064 468 1120 ἐνῆν
526 1062 613 1122 ἄρα
672 1060 729 1108 ‘co‘
789 1061 959 1123 μέλλον
1015 1060 1232 1125 γενέσθαι
1290 1057 1640 1121 οἷποτροέπειν·“

226 1136 313 1193 (cf.
344 1135 424 1190 ΙΠ,
456 1139 517 1180 43
545 1140 590 1180 et
620 1137 655 1190 I,
689 1139 805 1190 210.)

343 1208 484 1261 Quum
513 1212 659 1252 autem
676 1208 853 1252 deorum
886 1210 1043 1252 natura
1074 1211 1118 1252 et
1148 1207 1356 1263 imprimis
1382 1206 1535 1250 summi
1566 1218 1643 1250 nu-

226 1280 352 1323 minis
407 1280 541 1323 divini
581 1280 697 1323 notio
747 1281 791 1322 in
841 1281 1067 1323 castiorem
1116 1280 1416 1334 purioremque
1462 1278 1642 1323 formam

231 1352 412 1395 redacta
445 1354 583 1405 esset,
616 1364 747 1406 quum
776 1351 978 1406 Juppiter
1012 1355 1062 1395 ut
1099 1352 1204 1395 deus
1235 1351 1553 1406 potentissimus
1583 1351 1646 1395 ita

227 1423 568 1478 sapientissimus
599 1423 856 1477 haberetur,
897 1423 970 1477 qui
1011 1423 1207 1467 omnibus
1243 1422 1372 1467 rebus
1409 1423 1646 1479 perspectis

230 1507 281 1537 ac
304 1495 486 1548 cognitis
508 1495 650 1538 omnia
681 1495 919 1538 adduceret
935 1495 991 1537 ad
1014 1498 1213 1538 eventum
1244 1496 1450 1550 optimum
1483 1500 1528 1538 et
1546 1507 1644 1538 con·

232 1565 613 1620 venientissimum,
645 1565 838 1621 profecto
869 1564 964 1609 fieri
995 1578 1078 1609 non
1109 1566 1262 1622 potuit,
1299 1567 1402 1621 quin
1432 1567 1645 1621 Juppiter,

223 1649 435 1681 summum
467 1650 624 1682 numen
643 1638 848 1690 divinum,
881 1650 977 1681 cum
993 1638 1084 1682 fato
1104 1638 1294 1696 (μοίρᾳ),
1327 1640 1440 1693 quod
1457 1640 1645 1683 omnium

227 1722 374 1754 rerum
407 1710 642 1754 constituat
683 1713 883 1753 eventum
915 1722 1095 1764 eumque
1134 1713 1318 1754 naturae
1348 1712 1552 1766 cujusque
1582 1714 1647 1757 rei

225 1794 275 1825 ac
306 1782 545 1825 condicioni
571 1781 839 1835 aptissimum
866 1785 910 1824 et
940 1783 1240 1835 necessarium,
1272 1784 1419 1837 utique
1437 1789 1647 1837 congruat

229 1857 359 1907 atque
390 1853 642 1896 consentiat.
697 1852 1076 1896 Verumenimvero
1093 1853 1306 1907 Juppiter,
1339 1855 1495 1909 quippe
1526 1856 1645 1910 cujus

226 1928 385 1969 natura
415 1925 484 1968 vel
503 1925 687 1968 maxime
709 1928 875 1969 constet
905 1925 949 1968 in
980 1925 1160 1978 ratione,
1193 1926 1229 1968 si
1254 1925 1493 1980 negligeret
1515 1927 1643 1982 leges,

226 1996 380 2050 quibus
412 1999 504 2039 tota
535 2008 682 2040 rerum
714 2001 871 2040 natura
910 1997 1232 2051 circumscripta
1272 2001 1340 2040 est
1369 2002 1498 2052 atque
1530 2000 1644 2042 ordi-

225 2072 329 2112 nata
359 2081 525 2112 summa
555 2081 651 2112 cum
682 2069 871 2121 ratione,
915 2080 1091 2123 prorsus
1137 2068 1280 2112 nullus
1312 2073 1438 2113 esset.
1501 2071 1645 2124 Quare

226 2140 341 2195 apud
373 2140 631 2197 Aeschylum
663 2140 782 2183 nulla
812 2141 1029 2184 invenitur
1059 2140 1173 2183 inter
1203 2141 1353 2185 Jovem
1385 2145 1430 2186 et
1460 2143 1646 2201 Μοῖραν

230 2213 467 2266 contentio,
519 2213 637 2256 nulla
669 2213 889 2267 dissensio,
921 2213 998 2256 sed
1029 2225 1194 2257 summa
1223 2214 1415 2268 profecto
1446 2215 1644 2260 concilia-

225 2285 340 2328 tione
373 2277 504 2343 atque
535 2286 739 2329 societate
771 2297 864 2329 esse
896 2286 1084 2339 conjunti
1116 2286 1398 2342 videntur.⁶⁹.)
1448 2288 1644 2332 Imovero

226 2357 428 2412 Juppiter
458 2360 605 2401 tuetur
652 2361 782 2412 atque
828 2357 1029 2401 observat
1073 2357 1191 2410 leges
1230 2361 1449 2413 sortesque
1492 2373 1518 2404 a
1554 2360 1643 2404 fato

225 2430 496 2483 constitutas,
529 2429 692 2483 vigilat,
734 2442 788 2472 ne
820 2430 914 2483 quis
946 2441 1069 2473 suum
1101 2429 1285 2484 modum,
1318 2444 1416 2475 suos
1440 2433 1644 2477 terminos

227 2587 314 2622 lium
341 2586 482 2629 animis,
520 2588 569 2628 ut,
616 2584 764 2621 sidens
791 2584 984 2631 quisquam
1025 2587 1176 2621 naturae
1217 2584 1319 2632 leges
1361 2586 1487 2633 egredi
1525 2587 1645 2630 vellet,

218 2647 374 2694 jamJam
398 2646 520 2682 nullus
546 2647 656 2684 esset.
908 2679 911 2684 .

324 2706 370 2754 ⁶⁹)
395 2707 484 2745 Vid.
508 2707 605 2744 Eum
640 2717 674 2745 v.
700 2704 952 2743 1045—1047:

742 2793 750 2802 .
775 2793 780 2801 .
812 2791 822 2802 .
847 2791 858 2802 .
883 2768 969 2804 Ζεός
993 2765 1014 2802 o‘
1038 2766 1223 2804 πανόπτας

655 2824 747 2863 οὕτω
773 2829 900 2872 Μοῖρα
929 2840 966 2862 τε
991 2829 1221 2876 συγκατέβαίι.

227 2895 323 2932 quae
350 2888 545 2931 sententia,
570 2889 612 2923 ut
635 2886 815 2934 Aeschyli
839 2888 897 2922 est
919 2886 1055 2930 ultima,
1086 2888 1138 2924 ita
1167 2887 1438 2935 perfectissima
1471 2887 1517 2925 de
1540 2887 1647 2926 «Iovis

225 2956 307 2984 eum
332 2947 457 2994 Μοίρᾳ
481 2947 622 2983 ratione
645 2946 733 2983 mihi
756 2947 900 2983 videtur
925 2956 1020 2984 esse.
