1855 3214
912 160 981 205 249

239 302 341 333 num
372 294 532 334 sortem
549 293 797 336 secundum·
825 295 1110 349 sempiternas
1136 291 1332 347 justitiae
1362 290 1493 347 leges.
1554 289 1664 337 Vide

239 360 389 417 Agam.
422 374 462 429 ις.
500 366 611 408 1535
655 366 699 407 et
740 366 872 417 1536;
920 363 1108 419 Ghoeph.
1158 376 1197 408 v.
1241 365 1508 418 306—308,
1556 375 1663 420 quos

238 445 388 477 versus
415 435 509 488 jam.
535 437 669 489 supra
701 436 760 492 (p.
793 438 849 478 42
882 438 928 479 et
958 436 1034 492 44)
1060 435 1361 490 laudavimus,
1394 439 1440 481 et
1470 435 1659 491 Ghoeph.

239 515 279 552 v
314 506 400 548 646
430 507 476 549 et
508 508 616 549 647:
711 523 729 527 ··

240 575 408 627 ,,Δίκας
439 571 477 619 δ’
508 576 729 633 ἐρείδεται
761 574 969 635 πυθμήν.

241 642 538 707 προχαλκεύει
556 641 594 691 δ’
612 645 737 693 Αἶσα
756 644 1151 708 φασγανουργόςι
1156 649 1277 703 ⁶(Gf
1293 649 1417 697 Eum.
1435 662 1473 694 v.
1484 652 1567 693 961
1580 653 1661 703 sq)

357 731 502 784 Quare
524 730 910 788 Clytaemnestrae‚
945 739 1075 789 quum
1103 733 1180 777 illa
1212 746 1257 777 se
1287 733 1404 789 apud
1435 732 1572 777 filium
1605 733 1659 776 de

228 800 376 857 ⁴patris
408 815 510 848 nece
543 808 789 849 excusatam
821 805 944 859 velit,
992 805 1106 860 quod
1143 817 1196 849 ex
1227 803 1307 848 fati
1335 805 1511 848 decreto
1542 805 1658 857 Aga-

238 880 507 919 memnonem
554 876 819 931 interficerit‚
869 877 1045 924 Orestes
1095 876 1348 932 respondet,
1395 890 1492 921 eam
1537 888 1659 921 suam

238 957 405 1001 quoque
445 948 634 992 caedem
657 947 746 992 fato
788 946 970 1003 debere;
1031 960 1125 992 nee
1149 948 1324 1001 mirum,
1368 949 1482 1002 quod
1519 948 1660 992 fatum

233 1018 375 1072 justas
406 1019 630 1062 criminum
658 1032 818 1074 poenas
850 1013 994 1068 exigat
1033 1028 1205 1065 neeesse
1233 1021 1319 1064 est:
1369 1018 1582 1079 (Ghoeph.
1621 1030 1662 1064 v.

239 1092 324 1134 910
357 1092 401 1134 et
433 1091 538 1148 911)

238 1172 297 1217 K.
330 1189 394 1229 ,,η
428 1175 583 1232 Μοῖρα
614 1169 808 1225 τούτων,
841 1168 872 1216 ὦ
904 1174 1081 1226 τέκνον,
1116 1177 1349 1232 παραιτία.

243 1243 299 1290 Ο.
331 1247 405 1288 καὶ
436 1240 573 1289 τόνδε
605 1244 766 1290 τοίνυν
797 1240 935 1303 Μοῖρ’
967 1241 1224 1304 ἐπόρσυνεν
1255 1241 1445 1303 μόρον“.

356 1327 583 1372 Enimvero
610 1329 702 1383 jam
738 1329 783 1372 in
813 1328 990 1373 Homeri
1021 1327 1294 1373 carminibus*
1319 1341 1459 1383 poena
1500 1342 1527 1372 a
1568 1341 1657 1373 soe-

238 1397 358 1445 lestis
389 1399 630 1445 hominibus
661 1403 813 1445 exacta
844 1400 945 1445 deos
977 1412 1070 1445 esse
1101 1403 1168 1444 est
1194 1400 1436 1444 testimonio
1470 1399 1569 1458 (Od.
1592 1400 1659 1453 Ω,

237 1484 277 1528 ν,
312 1474 393 1514 251
437 1469 533 1527 sq.),
578 1485 706 1529 quam
747 1473 928 1516 eandem
970 1473 1227 1516 sententiam
1264 1472 1502 1517 invenimus
1541 1472 1658 1527 apud

237 1542 507 1599 Aeschylum.
571 1542 680 1588 Vide
713 1543 864 1599 Agam.
897 1557 934 1588 v.
973 1546 1231 1587 1547—82:

452 1623 515 1680 ,,ιῦ
549 1628 713 1685 φέγγος
745 1624 918 1686 εὖφρον
947 1624 1124 1685 ἡμέρας
1156 1624 1423 1685 δικηφόρου.

452 1698 594 1755 φαίην
626 1714 685 1743 αν
715 1695 804 1756 ἤδη
837 1698 925 1745 νῦν
955 1699 1140 1757 βροτῶν
1171 1693 1429 1757 τιμαόρους

454 1765 597 1819 θεους
630 1766 816 1814 ανωθεν
845 1771 929 1828 γῆς
962 1767 1241 1814 ἐποπτεύειν
1272 1767 1376 1828 ὀίγη,

452 1825 562 1886 ἰδ’ων
592 1836 819 1898 υφαντοΐς
853 1845 903 1885 ἐν
935 1841 1129 1890 πέπλοις
1159 1835 1386 1898 Ἐρινύων

426 1908 537 1956 τόν
568 1909 713 1970 α’νὸρα
745 1910 881 1956 τόνδε
912 1912 1126 1970 κείμενον
1160 1913 1299 1970 φίλως
1331 1916 1454 1970 ἐμοὶ,

454 1999 586 2043 χερος
620 1978 836 2041 πατρῴας
868 1982 1107 2029 ἐκτίνοντα
1137 1978 1394 2043 ιιηχανοέςέ(

240 2052 326 2114 (cf.
357 2055 476 2099 Pers.
510 2057 653 2100 495—
660 2055 778 2111 499.)

359 2140 562 2193 «Iustitiae
593 2141 727 2205 igitur
758 2152 912 2191 munus
945 2139 1123 2184 deorum
1157 2138 1380 2195 proprium
1411 2149 1518 2195 esse,
1551 2142 1667 2184 vete·

244 2224 315 2258 res
348 2213 587 2258 credidere.
652 2213 746 2266 Quo
778 2224 907 2256 sensu
937 2212 1131 2266 Justitia,
1161 2215 1310 2267 utpote
1342 2224 1452 2270 quae
1484 2223 1537 2254 ex
1575 2212 1668 2266 ejus

243 2285 417 2329 numine
449 2288 620 2330 emanet
650 2288 785 2342 atque
817 2296 895 2340 per
926 2287 1062 2328 totam
1092 2284 1227 2328 vitam
1257 2284 1492 2328 humanam
1536 2283 1669 2327 disse·

243 2358 407 2402 minata
437 2358 529 2413 eJ'us
560 2357 821 2401 auctoritate
862 2359 961 2400 rata
1005 2354 1094 2409 fiat,
1143 2355 1197 2399 ab
1230 2356 1445 2414 Aeschylo
1491 2359 1671 2400 vocatur

244 2429 363 2473 Jovis
394 2428 506 2482 filia:
539 2428 699 2494 Poeph.·
729 2442 767 2473 v.
806 2425 1075 2485 948-950.)

369 2514 527 2571 ,,ἔθιγε
558 2507 596 2556 δ’
630 2514 680 2557 ἐν
706 2509 832 2572 μα’χᾳ
864 2527 992 2570 χερος
1023 2505 1266 2568 ἐτητύμως

364 2578 480 2634 Διός
512 2579 646 2642 κόρα·
678 2608 736 2618 --
767 2583 911 2629 Δίκαν
944 2581 995 2627 δέ
1026 2596 1101 2626 νιν
1171 2636 1173 2638 q
1209 2604 1211 2606 >

288 2697 290 2699 .
368 2654 773 2716 προσαγορεύομεν
804 2657 966 2715 βροτοὶ
996 2649 1218 2713 τυχόντες
1250 2654 1437 2704 καλῶς’.
1474 2675 1526 2688 -

249 2728 334 2788 (of.
369 2728 486 2785 Sept.
518 2741 558 2773 v.
594 2730 702 2783 6623
735 2727 923 2783 Ghoeph
955 2738 994 2771 v.
1029 2726 1159 2782 244.)

368 2803 469 2846 Jam
499 2801 559 2845 dii
589 2802 652 2845 ita
683 2798 947 2854 invocantur,
980 2800 1114 2854 ¹quasi
1140 2810 1230 2843 non
1261 2797 1329 2842 fas
1375 2799 1446 2853 sit,
1491 2807 1564 2841 eos
1596 2810 1664 2842 re-

1439 2873 1461 2909 7
