1855 3214
928 168 981 209 41

369 295 468 341 Jam
498 309 598 341 vero
630 296 830 352 Juppiter
860 311 944 342 non
988 298 1069 342 nisi
1106 309 1249 342 secum
1288 296 1380 352 ipse
1420 294 1662 352 comparari

250 371 410 423 potest:
444 369 612 428 (Agam.
644 382 684 414 7.
722 370 899 426 164sq.)

369 460 451 508 οὐκ
483 467 565 523 ἔχω
600 460 894 521 προσεικάσαι
927 461 1064 510 πάντ’
1096 458 1518 521 ἐπισταθμώμενος

368 531 493 592 πλήν
522 530 646 587 Διός,
679 537 718 580 εἰ
748 534 803 580 τό
832 532 986 594 μοῖταν
1018 530 1113 582 α’πό
1146 535 1391 595 φροντίδος
1423 531 1572 595 ἄχθος

370 619 467 665 χρη
476 606 647 664 βαλεῖν
678 603 959 666 ἔτητύμωςέ*

367 700 476 754 Vide
508 706 736 757 praeterea
768 703 885 748 locos
917 703 1007 761 hos,
1045 702 1197 759 quibus
1237 702 1398 747 diserte
1428 701 1547 746 Jovis
1586 714 1660 756 po-

250 761 384 816 tentia
417 763 699 818 describitur:
736 775 904 832 (Suppl.
936 789 977 821 7
1011 779 1097 820 524
1108 779 1187 829 sq.)

531 854 673 911 ηὸίναξ
708 854 932 911 α’νοέκτων,
959 855 1172 917 μακάρων

443 978 445 980 v
525 923 785 986 μακάρτατε
818 930 889 972 καὶ
923 929 1087 977 τελέων

530 994 822 1046 τελειότατον
853 996 1028 1062 κράτος,
1059 996 1185 1058 ὄλβιε
1216 996 1330 1051 Ζεῦ,

530 1072 682 1116 πιθοῦ
714 1089 765 1116 τε
796 1077 870 1120 καὶ
901 1072 1165 1133 γενέσθω·“

245 1167 376 1222 ibidq.
424 1181 461 1212 v.
510 1171 581 1221 27,
633 1171 728 1222 139,
777 1171 860 1212 209
894 1172 938 1212 et
969 1168 1067 1222 210,
1108 1170 1206 1220 579,
1252 1168 1501 1219 624—629,
1552 1169 1652 1218 876,

248 1242 346 1293 646,
382 1242 480 1294 670,
515 1243 596 1283 689
631 1242 675 1282 et
707 1242 814 1294 690;
848 1240 964 1294 Sept.
997 1252 1036 1284 v.
1071 1243 1110 1293 8,
1148 1241 1243 1293 116,
1279 1241 1377 1291 255,
1411 1240 1510 1291 485,
1544 1239 1658 1289 822;

245 1311 394 1364 Agam.
428 1324 465 1354 7.
501 1313 731 1364 362,,581,
768 1316 866 1366 677,
899 1316 984 1355 970
1017 1324 1078 1370 sq.
1117 1314 1242 1364 1016,
1291 1314 1428 1364 14853
1472 1308 1658 1363 Choeph.

245 1396 284 1426 7.
318 1387 426 1436 775;
458 1382 579 1426 Eum.
611 1395 650 1427 7.
687 1386 753 1436 19,
791 1385 860 1437 28,
896 1386 994 1437 650,
1027 1382 1128 1436 919,
1165 1385 1292 1427 1046.

365 1479 495 1534 Apud
527 1476 794 1522 Herodotum
834 1478 1005 1533 quidem
1036 1478 1154 1522 Jovis
1186 1482 1344 1522 natura
1384 1490 1434 1521 ac
1472 1479 1665 1533 potentia

245 1550 362 1595 haud
433 1551 494 1594 ita
535 1550 731 1594 delucide
774 1555 980 1606 apparet3
1042 1550 1216 1594 exhibet
1266 1554 1408 1594 autem
1468 1550 1564 1606 ille,
1620 1556 1671 1595 ut

250 1635 382 1677 supra
416 1622 729 1665 declaravimus
760 1634 972 1665 summum
1003 1634 1158 1665 numen
1190 1621 1425 1675 quoddam,
1459 1635 1545 1679 quo
1576 1635 1664 1666 om-

245 1694 312 1737 nis
339 1694 512 1737 omnino
563 1693 628 1737 vis
681 1693 825 1737 divina
866 1693 1121 1738 continetur.
1185 1694 1326 1746 Quum
1366 1694 1500 1747 igitur
1530 1694 1665 1738 Hero-

247 1754 372 1810 dotus
403 1766 471 1809 vel
507 1765 689 1808 maxime
722 1765 898 1809 inclinet
944 1766 988 1809 in
1019 1765 1373 1809 monotheismum
1411 1766 1553 1810 omnia
1582 1767 1667 1810 sin-

246 1837 652 1898 gulorumydeorum
705 1850 884 1880 munera
932 1841 1109 1881 revocet
1155 1837 1210 1880 ad
1256 1849 1465 1881 summum
1511 1852 1667 1883 numen

215 1965 219 1967 -
248 1910 439 1953 divinum
469 1920 641 1952 necesse
674 1911 758 1961 est3
791 1908 889 1951 huic
921 1909 1059 1962 igitur
1091 1908 1126 1951 si
1158 1908 1226 1951 cui
1248 1908 1505 1961 gubernatio
1523 1912 1666 1955 mode-

245 1982 440 2036 ratioque
471 1980 619 2025 mundi
646 1984 712 2023 est
748 1980 1031 2024 attribuenda
1089 1980 1163 2034 (ΙΙ,
1198 1980 1278 2034 52;
1316 1980 1436 2034 VIII,
1473 1982 1523 2025 13
1557 1986 1601 2026 et
1632 1996 1666 2027 c.

251 2052 318 2109 60,
352 2055 376 2112 ξ
411 2054 470 2110 3),
501 2053 600 2097 111110
631 2051 761 2096 etiam
792 2051 879 2106 illa,
917 2064 1029 2110 quae
1064 2052 1233 2106 dicitur,
1266 2052 1415 2097 mundi
1441 2054 1668 2109 prOviden-

250 2127 332 2170 tia:
365 2127 471 2183 (ΠΙ,
508 2127 661 2181 108),
668 2125 753 2180 ,καί
784 2142 869 2174 κως
900 2125 984 2169 τοῦ
1024 2125 1159 2169 &stov
1198 2121 1230 2181 ἦ
1262 2126 1469 2199 προνοίη,
1516 2123 1665 2186 ὥσπερ

252 2203 325 2275 καὶ
357 2194 479 2248 οικός
496 2202 591 2243 ἐστι
624 2197 763 2243 ἐουσα
796 2192 931 2256 σοφή,
936 2201 962 2222 “
993 2213 1030 2241 κ.
1063 2214 1103 2242 τ.
1136 2198 1172 2241 λ.

369 2295 516 2349 Neque
549 2293 697 2339 dubito
725 2295 1007 2348 contendere,
1048 2293 1309 2352 Aeschylum
1340 2306 1425 2337 non
1454 2295 1594 2344 minus
1624 2295 1668 2339 in

253 2366 404 2411 Jovem
434 2378 563 2420 quam
594 2367 865 2412 Herodotum
914 2361 1044 2408 111-το
1075 2370 1209 2410 θεῖον
1240 2367 1401 2420 optima
1432 2371 1477 2410 et
1505 2367 1669 2420 perfec-

250 2439 418 2482 tissima
449 2451 659 2493 quaeque,
697 2451 809 2496 quae
842 2437 1103 2491 cogitatione
1126 2439 1381 2492 perceperit,
1413 2438 1672 2489 transferre„

252 2510 352 2555 Huc
377 2511 536 2561 attinet
564 2511 672 2555 illud
704 2510 1011 2570 Aeschyleum:
1045 2509 1214 2566 (Agam
1247 2522 1287 2554 v.
1324 2512 1407 2553 160
1439 2514 1519 2565 sq.)

254 2590 422 2648 ,,Ζεύς,
455 2592 582 2644 ὅστις
614 2590 718 2639 ποτ’
750 2595 890 2645 ἐστὶν,
924 2596 962 2637 εἰ
994 2587 1091 2637 τόδ’
1123 2588 1248 2650 αὐτῷ
1273 2593 1407 2650 φίλον
1424 2590 1669 2654 κεκλημένῳ

253 2661 395 2711 τοῦτο’
428 2682 504 2711 νιν
534 2661 877 2724 προσεννέπωίό,
910 2664 1062 2721 quibus
1091 2664 1235 2710 verbis
1266 2665 1370 2710 mihi
1393 2669 1524 2721 poeta
1553 2667 1671 2711 vide-

253 2742 326 2783 tur
358 2737 572 2793 dubitare,
603 2751 703 2782 num
735 2739 793 2783 sit
821 2750 945 2781 suum
969 2749 1125 2780 numen
1147 2738 1351 2792 divinum,
1384 2740 1497 2793 quod
1529 2743 1670 2782 mente

255 2814 300 2859 et
330 2811 589 2864 cogitatione
620 2813 678 2856 sit
708 2810 977 2866 complexus,
1013 2809 1182 2854 nomine
1212 2809 1344 2865 Jovis,
1378 2810 1448 2857 dei
1466 2814 1671 2856 ¹veterum

1437 2882 1459 2918 6
