<?xml version="1.0" encoding="UTF-8"?>
<!DOCTYPE html PUBLIC "-//W3C//DTD XHTML 1.0 Transitional//EN"
    "http://www.w3.org/TR/xhtml1/DTD/xhtml1-transitional.dtd">
<html xmlns="http://www.w3.org/1999/xhtml" xml:lang="en" lang="en">
 <head>
  <title>
</title>
<meta http-equiv="Content-Type" content="text/html;charset=utf-8" />
  <meta name='ocr-system' content='tesseract 3.04.00' />
  <meta name='ocr-capabilities' content='ocr_page ocr_carea ocr_par ocr_line ocrx_word'/>
</head>
<body>
  <div class='ocr_page' id='page_1' title='image "./4627211_0071.png"; bbox 0 0 1855 3214; ppageno 0'>
   <div class='ocr_carea' id='block_1_1' title="bbox 862 184 913 225">
    <p class='ocr_par' dir='ltr' id='par_1_1' title="bbox 862 184 913 225">
     <span class='ocr_line' id='line_1_1' title="bbox 862 184 913 225; baseline 0.039 -2"><span class='ocrx_word' id='word_1_1' title='bbox 862 184 913 225; x_wconf 74' lang='lat'><strong>61</strong></span> 
     </span>
    </p>
   </div>
   <div class='ocr_carea' id='block_1_2' title="bbox 756 241 1036 250">
    <p class='ocr_par' dir='ltr' id='par_1_2' title="bbox 756 241 1036 250">
     <span class='ocr_line' id='line_1_2' title="bbox 756 241 1036 250; baseline 0 2964"><span class='ocrx_word' id='word_1_2' title='bbox 756 241 1036 250; x_wconf 95' lang='lat' dir='ltr'><strong> </strong></span> 
     </span>
    </p>
   </div>
   <div class='ocr_carea' id='block_1_3' title="bbox 165 310 1613 2886">
    <p class='ocr_par' dir='ltr' id='par_1_3' title="bbox 172 310 1607 805">
     <span class='ocr_line' id='line_1_3' title="bbox 191 310 1607 366; baseline 0.001 -12"><span class='ocrx_word' id='word_1_3' title='bbox 191 329 198 334; x_wconf 89' lang='grc'><strong>-·</strong></span> <span class='ocrx_word' id='word_1_4' title='bbox 215 333 239 344; x_wconf 83' lang='lat'><strong>·-</strong></span> <span class='ocrx_word' id='word_1_5' title='bbox 284 312 390 365; x_wconf 50' lang='lat' dir='ltr'><strong>At,</strong></span> <span class='ocrx_word' id='word_1_6' title='bbox 409 311 538 365; x_wconf 88' lang='lat' dir='ltr'><strong>dicas,</strong></span> <span class='ocrx_word' id='word_1_7' title='bbox 572 312 720 356; x_wconf 88' lang='lat' dir='ltr'><strong>ultimo</strong></span> <span class='ocrx_word' id='word_1_8' title='bbox 755 314 847 358; x_wconf 87' lang='lat' dir='ltr'><strong>loco</strong></span> <span class='ocrx_word' id='word_1_9' title='bbox 878 312 1130 358; x_wconf 88' lang='lat' dir='ltr'><strong>Herodotus</strong></span> <span class='ocrx_word' id='word_1_10' title='bbox 1144 311 1234 365; x_wconf 87' lang='lat' dir='ltr'><strong>jam</strong></span> <span class='ocrx_word' id='word_1_11' title='bbox 1253 310 1443 366; x_wconf 84' lang='lat' dir='ltr'><strong>respexit</strong></span> <span class='ocrx_word' id='word_1_12' title='bbox 1458 310 1607 357; x_wconf 81' lang='lat' dir='ltr'>Croesi</span> 
     </span>
     <span class='ocr_line' id='line_1_4' title="bbox 187 380 1605 439; baseline -0.001 -11"><span class='ocrx_word' id='word_1_13' title='bbox 187 384 445 439; x_wconf 76' lang='lat' dir='ltr'><strong>superbiam,</strong></span> <span class='ocrx_word' id='word_1_14' title='bbox 463 396 573 439; x_wconf 81' lang='lat' dir='ltr'><strong>quae</strong></span> <span class='ocrx_word' id='word_1_15' title='bbox 593 385 768 430; x_wconf 85' lang='lat' dir='ltr'><strong>deorum</strong></span> <span class='ocrx_word' id='word_1_16' title='bbox 792 386 903 431; x_wconf 87' lang='lat' dir='ltr'><strong>iram</strong></span> <span class='ocrx_word' id='word_1_17' title='bbox 919 391 1009 428; x_wconf 78' lang='lat' dir='ltr'><strong>non</strong></span> <span class='ocrx_word' id='word_1_18' title='bbox 1027 380 1214 427; x_wconf 86' lang='lat' dir='ltr'><strong>conflare</strong></span> <span class='ocrx_word' id='word_1_19' title='bbox 1232 394 1316 426; x_wconf 90' lang='lat' dir='ltr'><strong>non</strong></span> <span class='ocrx_word' id='word_1_20' title='bbox 1331 382 1484 438; x_wconf 89' lang='lat' dir='ltr'><strong>potuit.-</strong></span> <span class='ocrx_word' id='word_1_21' title='bbox 1518 383 1605 427; x_wconf 85' lang='lat' dir='ltr'><strong>Sed</strong></span> 
     </span>
     <span class='ocr_line' id='line_1_5' title="bbox 172 453 1603 512; baseline -0.001 -12"><span class='ocrx_word' id='word_1_22' title='bbox 172 468 295 509; x_wconf 85' lang='lat' dir='ltr'><strong>eam,</strong></span> <span class='ocrx_word' id='word_1_23' title='bbox 326 468 461 511; x_wconf 63' lang='lat' dir='ltr'><strong>&gt;quam</strong></span> <span class='ocrx_word' id='word_1_24' title='bbox 503 456 684 501; x_wconf 84' lang='lat' dir='ltr'>Croesus</span> <span class='ocrx_word' id='word_1_25' title='bbox 723 458 876 512; x_wconf 85' lang='lat' dir='ltr'><strong>spiritu</strong></span> <span class='ocrx_word' id='word_1_26' title='bbox 916 456 970 502; x_wconf 93' lang='lat' dir='ltr'><strong>ob</strong></span> <span class='ocrx_word' id='word_1_27' title='bbox 1009 455 1198 508; x_wconf 85' lang='lat' dir='ltr'>nimiam,</span> <span class='ocrx_word' id='word_1_28' title='bbox 1237 467 1324 509; x_wconf 88' lang='lat' dir='ltr'><strong>qua</strong></span> <span class='ocrx_word' id='word_1_29' title='bbox 1363 453 1603 510; x_wconf 74' lang='lat' dir='ltr'><strong>fruebatur,</strong></span> 
     </span>
     <span class='ocr_line' id='line_1_6' title="bbox 185 525 1603 585; baseline -0.002 -10"><span class='ocrx_word' id='word_1_30' title='bbox 185 528 443 575; x_wconf 82' lang='lat' dir='ltr'><strong>felicetatem</strong></span> <span class='ocrx_word' id='word_1_31' title='bbox 465 532 632 585; x_wconf 87' lang='lat' dir='ltr'><strong>sumpto</strong></span> <span class='ocrx_word' id='word_1_32' title='bbox 651 529 846 576; x_wconf 79' lang='lat' dir='ltr'><strong>incitavit</strong></span> <span class='ocrx_word' id='word_1_33' title='bbox 862 529 1040 573; x_wconf 88' lang='lat' dir='ltr'><strong>deorum</strong></span> <span class='ocrx_word' id='word_1_34' title='bbox 1064 527 1188 582; x_wconf 88' lang='lat' dir='ltr'><strong>iram,</strong></span> <span class='ocrx_word' id='word_1_35' title='bbox 1219 525 1465 572; x_wconf 85' lang='lat' dir='ltr'><strong>Herodotus</strong></span> <span class='ocrx_word' id='word_1_36' title='bbox 1497 538 1603 572; x_wconf 89' lang='lat' dir='ltr'><strong>nun-</strong></span> 
     </span>
     <span class='ocr_line' id='line_1_7' title="bbox 185 595 1602 659; baseline -0.001 -13"><span class='ocrx_word' id='word_1_37' title='bbox 185 604 315 659; x_wconf 79' lang='lat' dir='ltr'><strong>cupat</strong></span> <span class='ocrx_word' id='word_1_38' title='bbox 335 600 539 659; x_wconf 69' lang='grc' dir='ltr'><strong><em>νέμεσινε</em></strong></span> <span class='ocrx_word' id='word_1_39' title='bbox 573 601 625 659; x_wconf 90' lang='grc' dir='ltr'><strong>(Ι,</strong></span> <span class='ocrx_word' id='word_1_40' title='bbox 647 602 734 659; x_wconf 84' lang='grc'>34.)</span> <span class='ocrx_word' id='word_1_41' title='bbox 754 598 924 656; x_wconf 66' lang='lat' dir='ltr'><strong>„Metti</strong></span> <span class='ocrx_word' id='word_1_42' title='bbox 939 599 987 645; x_wconf 76' lang='grc' dir='ltr'><strong>δὲ</strong></span> <span class='ocrx_word' id='word_1_43' title='bbox 1000 597 1188 645; x_wconf 82' lang='grc' dir='ltr'><strong><em>Σόλωνα</em></strong></span> <span class='ocrx_word' id='word_1_44' title='bbox 1211 595 1602 659; x_wconf 72' lang='grc' dir='ltr'><strong><em>οἶχόμενονέλα-βε</em></strong></span> 
     </span>
     <span class='ocr_line' id='line_1_8' title="bbox 185 666 1604 733; baseline -0.002 -16"><span class='ocrx_word' id='word_1_45' title='bbox 185 672 236 717; x_wconf 66' lang='grc' dir='ltr'><strong>ἔκ</strong></span> <span class='ocrx_word' id='word_1_46' title='bbox 267 673 385 716; x_wconf 70' lang='grc' dir='ltr'><strong><em>θεοῦ</em></strong></span> <span class='ocrx_word' id='word_1_47' title='bbox 416 672 597 730; x_wconf 77' lang='grc' dir='ltr'><strong><em>’νέμεσις</em></strong></span> <span class='ocrx_word' id='word_1_48' title='bbox 638 669 814 733; x_wconf 73' lang='grc' dir='ltr'><em>μεγάλη</em></span> <span class='ocrx_word' id='word_1_49' title='bbox 845 673 1064 729; x_wconf 84' lang='grc' dir='ltr'><strong><em>Κροῖσον,</em></strong></span> <span class='ocrx_word' id='word_1_50' title='bbox 1118 667 1183 722; x_wconf 72' lang='grc' dir='ltr'><strong>ὥς</strong></span> <span class='ocrx_word' id='word_1_51' title='bbox 1226 666 1479 728; x_wconf 70' lang='grc' dir='ltr'><strong><em>εἰκάσαι,</em></strong></span> <span class='ocrx_word' id='word_1_52' title='bbox 1527 667 1604 715; x_wconf 81' lang='grc' dir='ltr'><strong>ὅτι</strong></span> 
     </span>
     <span class='ocr_line' id='line_1_9' title="bbox 186 739 1602 805; baseline -0.003 -16"><span class='ocrx_word' id='word_1_53' title='bbox 186 739 371 805; x_wconf 76' lang='grc' dir='ltr'><strong><em>ἐνόμισε</em></strong></span> <span class='ocrx_word' id='word_1_54' title='bbox 403 741 578 789; x_wconf 73' lang='grc' dir='ltr'><strong><em>ἑωυτόν</em></strong></span> <span class='ocrx_word' id='word_1_55' title='bbox 609 744 723 790; x_wconf 84' lang='grc' dir='ltr'><strong><em>εἶναι</em></strong></span> <span class='ocrx_word' id='word_1_56' title='bbox 744 739 1007 802; x_wconf 66' lang='grc' dir='ltr'><strong><em>ἀνθρώπων</em></strong></span> <span class='ocrx_word' id='word_1_57' title='bbox 1030 739 1256 787; x_wconf 68' lang='grc' dir='ltr'><strong><em>ἁπάντων</em></strong></span> <span class='ocrx_word' id='word_1_58' title='bbox 1273 739 1602 801; x_wconf 41' lang='lat' dir='ltr'><strong>diffiniuntur&amp;</strong></span> 
     </span>
    </p>

    <p class='ocr_par' dir='ltr' id='par_1_4' title="bbox 165 810 1613 2381">
     <span class='ocr_line' id='line_1_10' title="bbox 302 810 1602 873; baseline -0.003 -10"><span class='ocrx_word' id='word_1_59' title='bbox 302 817 579 873; x_wconf 84' lang='lat' dir='ltr'><strong>Distinguens</strong></span> <span class='ocrx_word' id='word_1_60' title='bbox 616 817 750 872; x_wconf 85' lang='lat' dir='ltr'><strong>igitur</strong></span> <span class='ocrx_word' id='word_1_61' title='bbox 789 816 1035 861; x_wconf 87' lang='lat' dir='ltr'><strong>Herodotus</strong></span> <span class='ocrx_word' id='word_1_62' title='bbox 1083 815 1198 860; x_wconf 85' lang='lat' dir='ltr'><strong>inter</strong></span> <span class='ocrx_word' id='word_1_63' title='bbox 1249 814 1374 861; x_wconf 84' lang='lat' dir='ltr'><strong>illum</strong></span> <span class='ocrx_word' id='word_1_64' title='bbox 1409 810 1602 872; x_wconf 67' lang='grc' dir='ltr'><strong><em>’φθόνον</em></strong></span> 
     </span>
     <span class='ocr_line' id='line_1_11' title="bbox 183 885 1603 947; baseline -0.001 -14"><span class='ocrx_word' id='word_1_65' title='bbox 183 891 228 933; x_wconf 89' lang='lat' dir='ltr'><strong>et</strong></span> <span class='ocrx_word' id='word_1_66' title='bbox 260 888 448 947; x_wconf 79' lang='grc' dir='ltr'><strong><em>νέμεσιν</em></strong></span> <span class='ocrx_word' id='word_1_67' title='bbox 478 902 581 934; x_wconf 86' lang='lat' dir='ltr'><strong>voce</strong></span> <span class='ocrx_word' id='word_1_68' title='bbox 608 885 832 947; x_wconf 72' lang='grc' dir='ltr'><strong><em>νεμέσεως</em></strong></span> <span class='ocrx_word' id='word_1_69' title='bbox 875 889 984 933; x_wconf 87' lang='lat' dir='ltr'><strong>iram</strong></span> <span class='ocrx_word' id='word_1_70' title='bbox 1027 887 1205 931; x_wconf 89' lang='lat' dir='ltr'><strong>deorum</strong></span> <span class='ocrx_word' id='word_1_71' title='bbox 1243 900 1296 931; x_wconf 84' lang='lat' dir='ltr'><strong>ex</strong></span> <span class='ocrx_word' id='word_1_72' title='bbox 1322 888 1442 943; x_wconf 82' lang='lat' dir='ltr'><strong>J&#39;usta</strong></span> <span class='ocrx_word' id='word_1_73' title='bbox 1470 900 1603 931; x_wconf 87' lang='lat' dir='ltr'><strong>causa</strong></span> 
     </span>
     <span class='ocr_line' id='line_1_12' title="bbox 188 956 1602 1017; baseline 0.001 -13"><span class='ocrx_word' id='word_1_74' title='bbox 188 964 441 1015; x_wconf 81' lang='lat' dir='ltr'>conceptam</span> <span class='ocrx_word' id='word_1_75' title='bbox 472 960 697 1015; x_wconf 86' lang='lat' dir='ltr'><strong>significat,</strong></span> <span class='ocrx_word' id='word_1_76' title='bbox 727 973 829 1005; x_wconf 85' lang='lat' dir='ltr'><strong>voce</strong></span> <span class='ocrx_word' id='word_1_77' title='bbox 863 956 1052 1017; x_wconf 75' lang='grc' dir='ltr'><strong><em>φθόνου</em></strong></span> <span class='ocrx_word' id='word_1_78' title='bbox 1082 962 1227 1002; x_wconf 88' lang='lat' dir='ltr'><strong>autem</strong></span> <span class='ocrx_word' id='word_1_79' title='bbox 1257 959 1602 1005; x_wconf 77' lang='lat' dir='ltr'><strong>malevolentiam</strong></span> 
     </span>
     <span class='ocr_line' id='line_1_13' title="bbox 192 1031 1600 1087; baseline 0 -13"><span class='ocrx_word' id='word_1_80' title='bbox 192 1032 367 1075; x_wconf 89' lang='lat' dir='ltr'><strong>deorum</strong></span> <span class='ocrx_word' id='word_1_81' title='bbox 393 1034 512 1087; x_wconf 84' lang='lat' dir='ltr'><strong>justa</strong></span> <span class='ocrx_word' id='word_1_82' title='bbox 544 1044 694 1080; x_wconf 85' lang='lat' dir='ltr'><strong>causa,</strong></span> <span class='ocrx_word' id='word_1_83' title='bbox 726 1045 802 1075; x_wconf 86' lang='lat' dir='ltr'><strong>cur</strong></span> <span class='ocrx_word' id='word_1_84' title='bbox 836 1032 896 1075; x_wconf 91' lang='lat' dir='ltr'><strong>dii</strong></span> <span class='ocrx_word' id='word_1_85' title='bbox 910 1059 912 1061; x_wconf 66' lang='grc'><em>»</em></span> <span class='ocrx_word' id='word_1_86' title='bbox 926 1031 1102 1086; x_wconf 90' lang='lat' dir='ltr'><strong>propitii</strong></span> <span class='ocrx_word' id='word_1_87' title='bbox 1131 1044 1215 1074; x_wconf 91' lang='lat' dir='ltr'><strong>non</strong></span> <span class='ocrx_word' id='word_1_88' title='bbox 1245 1031 1344 1084; x_wconf 84' lang='lat' dir='ltr'><strong>sint,</strong></span> <span class='ocrx_word' id='word_1_89' title='bbox 1374 1042 1460 1076; x_wconf 88' lang='lat' dir='ltr'><strong>non</strong></span> <span class='ocrx_word' id='word_1_90' title='bbox 1490 1031 1600 1075; x_wconf 78' lang='lat' dir='ltr'><strong>indi·</strong></span> 
     </span>
     <span class='ocr_line' id='line_1_14' title="bbox 181 1099 1598 1158; baseline -0.002 -10"><span class='ocrx_word' id='word_1_91' title='bbox 181 1106 291 1149; x_wconf 83' lang='lat' dir='ltr'><strong>cata.</strong></span> <span class='ocrx_word' id='word_1_92' title='bbox 359 1099 545 1152; x_wconf 75' lang='grc' dir='ltr'><strong><em>Φθόνος</em></strong></span> <span class='ocrx_word' id='word_1_93' title='bbox 563 1103 691 1158; x_wconf 78' lang='lat' dir='ltr'><strong>apud</strong></span> <span class='ocrx_word' id='word_1_94' title='bbox 715 1103 982 1151; x_wconf 90' lang='lat' dir='ltr'><strong>Herodotum</strong></span> <span class='ocrx_word' id='word_1_95' title='bbox 1012 1105 1221 1157; x_wconf 86' lang='lat' dir='ltr'><strong>perpetua</strong></span> <span class='ocrx_word' id='word_1_96' title='bbox 1244 1102 1413 1146; x_wconf 89' lang='lat' dir='ltr'><strong>divinae</strong></span> <span class='ocrx_word' id='word_1_97' title='bbox 1443 1103 1598 1146; x_wconf 86' lang='lat' dir='ltr'><strong>mentis</strong></span> 
     </span>
     <span class='ocr_line' id='line_1_15' title="bbox 183 1175 1599 1230; baseline 0.001 -12"><span class='ocrx_word' id='word_1_98' title='bbox 183 1177 353 1218; x_wconf 77' lang='lat' dir='ltr'><strong>videtur</strong></span> <span class='ocrx_word' id='word_1_99' title='bbox 384 1188 477 1218; x_wconf 82' lang='lat' dir='ltr'><strong>esse</strong></span> <span class='ocrx_word' id='word_1_100' title='bbox 509 1176 711 1228; x_wconf 87' lang='lat' dir='ltr'><strong>condicio,</strong></span> <span class='ocrx_word' id='word_1_101' title='bbox 746 1188 832 1230; x_wconf 88' lang='lat' dir='ltr'><strong>qua</strong></span> <span class='ocrx_word' id='word_1_102' title='bbox 863 1175 950 1227; x_wconf 74' lang='lat' dir='ltr'><strong>illa,</strong></span> <span class='ocrx_word' id='word_1_103' title='bbox 982 1178 1031 1219; x_wconf 91' lang='lat' dir='ltr'><strong>ut</strong></span> <span class='ocrx_word' id='word_1_104' title='bbox 1061 1175 1257 1218; x_wconf 88' lang='lat' dir='ltr'><strong>homines</strong></span> <span class='ocrx_word' id='word_1_105' title='bbox 1288 1187 1420 1230; x_wconf 86' lang='lat' dir='ltr'><strong>supra</strong></span> <span class='ocrx_word' id='word_1_106' title='bbox 1450 1175 1599 1219; x_wconf 84' lang='lat' dir='ltr'><strong>huma-</strong></span> 
     </span>
     <span class='ocr_line' id='line_1_16' title="bbox 182 1245 1599 1305; baseline -0.002 -14"><span class='ocrx_word' id='word_1_107' title='bbox 182 1259 284 1305; x_wconf 89' lang='lat' dir='ltr'><strong>num</strong></span> <span class='ocrx_word' id='word_1_108' title='bbox 313 1246 485 1291; x_wconf 91' lang='lat' dir='ltr'><strong>modum</strong></span> <span class='ocrx_word' id='word_1_109' title='bbox 506 1245 636 1291; x_wconf 87' lang='lat' dir='ltr'><strong>rebus</strong></span> <span class='ocrx_word' id='word_1_110' title='bbox 669 1246 866 1292; x_wconf 87' lang='lat' dir='ltr'><strong>secundis</strong></span> <span class='ocrx_word' id='word_1_111' title='bbox 898 1249 1090 1299; x_wconf 87' lang='lat' dir='ltr'><strong>utantur,</strong></span> <span class='ocrx_word' id='word_1_112' title='bbox 1126 1257 1210 1291; x_wconf 90' lang='lat' dir='ltr'><strong>non</strong></span> <span class='ocrx_word' id='word_1_113' title='bbox 1225 1247 1462 1301; x_wconf 87' lang='lat' dir='ltr'><strong>permittat.</strong></span> <span class='ocrx_word' id='word_1_114' title='bbox 1511 1245 1599 1289; x_wconf 76' lang='lat' dir='ltr'><strong>Gu-</strong></span> 
     </span>
     <span class='ocr_line' id='line_1_17' title="bbox 180 1317 1599 1373; baseline 0 -11"><span class='ocrx_word' id='word_1_115' title='bbox 180 1317 374 1362; x_wconf 87' lang='lat' dir='ltr'><strong>bernatio</strong></span> <span class='ocrx_word' id='word_1_116' title='bbox 406 1319 540 1373; x_wconf 88' lang='lat' dir='ltr'><strong>igitur</strong></span> <span class='ocrx_word' id='word_1_117' title='bbox 584 1319 727 1362; x_wconf 82' lang='lat' dir='ltr'><strong>divina</strong></span> <span class='ocrx_word' id='word_1_118' title='bbox 764 1331 910 1363; x_wconf 89' lang='lat' dir='ltr'><strong>rerum</strong></span> <span class='ocrx_word' id='word_1_119' title='bbox 949 1319 1255 1371; x_wconf 88' lang='lat' dir='ltr'><strong>humanarum,</strong></span> <span class='ocrx_word' id='word_1_120' title='bbox 1298 1324 1409 1372; x_wconf 88' lang='lat' dir='ltr'><strong>quae</strong></span> <span class='ocrx_word' id='word_1_121' title='bbox 1435 1320 1599 1373; x_wconf 85' lang='lat' dir='ltr'><strong>justum</strong></span> 
     </span>
     <span class='ocr_line' id='line_1_18' title="bbox 179 1390 1597 1445; baseline -0.001 -11"><span class='ocrx_word' id='word_1_122' title='bbox 179 1391 308 1434; x_wconf 83' lang='lat' dir='ltr'><strong>sortis</strong></span> <span class='ocrx_word' id='word_1_123' title='bbox 338 1391 551 1435; x_wconf 83' lang='lat' dir='ltr'><strong>humanae</strong></span> <span class='ocrx_word' id='word_1_124' title='bbox 581 1391 755 1434; x_wconf 90' lang='lat' dir='ltr'><strong>modum</strong></span> <span class='ocrx_word' id='word_1_125' title='bbox 794 1394 1019 1436; x_wconf 87' lang='lat' dir='ltr'><strong>conservat</strong></span> <span class='ocrx_word' id='word_1_126' title='bbox 1060 1393 1192 1445; x_wconf 88' lang='lat' dir='ltr'><strong>atque</strong></span> <span class='ocrx_word' id='word_1_127' title='bbox 1224 1393 1390 1444; x_wconf 86' lang='lat' dir='ltr'><strong>tuetur,</strong></span> <span class='ocrx_word' id='word_1_128' title='bbox 1429 1390 1503 1434; x_wconf 92' lang='lat' dir='ltr'><strong>ubi</strong></span> <span class='ocrx_word' id='word_1_129' title='bbox 1533 1390 1597 1433; x_wconf 86' lang='lat' dir='ltr'><strong>ni-</strong></span> 
     </span>
     <span class='ocr_line' id='line_1_19' title="bbox 182 1462 1597 1516; baseline 0 -11"><span class='ocrx_word' id='word_1_130' title='bbox 182 1462 313 1506; x_wconf 88' lang='lat' dir='ltr'><strong>miam</strong></span> <span class='ocrx_word' id='word_1_131' title='bbox 341 1462 522 1506; x_wconf 89' lang='lat' dir='ltr'><strong>hominis</strong></span> <span class='ocrx_word' id='word_1_132' title='bbox 563 1462 815 1506; x_wconf 79' lang='lat' dir='ltr'><strong>felicitatem</strong></span> <span class='ocrx_word' id='word_1_133' title='bbox 855 1465 1025 1507; x_wconf 87' lang='lat' dir='ltr'><strong>coercet</strong></span> <span class='ocrx_word' id='word_1_134' title='bbox 1061 1466 1194 1516; x_wconf 67' lang='lat' dir='ltr'><strong>&#39;atque</strong></span> <span class='ocrx_word' id='word_1_135' title='bbox 1236 1462 1448 1515; x_wconf 88' lang='lat' dir='ltr'><strong>retrudit,</strong></span> <span class='ocrx_word' id='word_1_136' title='bbox 1494 1475 1597 1505; x_wconf 88' lang='lat' dir='ltr'><strong>voce</strong></span> 
     </span>
     <span class='ocr_line' id='line_1_20' title="bbox 181 1530 1597 1590; baseline 0 -13"><span class='ocrx_word' id='word_1_137' title='bbox 181 1530 377 1589; x_wconf 75' lang='grc' dir='ltr'><strong><em>φθόνου</em></strong></span> <span class='ocrx_word' id='word_1_138' title='bbox 397 1535 684 1590; x_wconf 84' lang='lat' dir='ltr'><strong>significatur,</strong></span> <span class='ocrx_word' id='word_1_139' title='bbox 708 1558 710 1560; x_wconf 90' lang='lat'>·</span> <span class='ocrx_word' id='word_1_140' title='bbox 730 1547 861 1589; x_wconf 93' lang='lat' dir='ltr'><strong>quum</strong></span> <span class='ocrx_word' id='word_1_141' title='bbox 893 1534 974 1577; x_wconf 85' lang='lat' dir='ltr'><strong>diis</strong></span> <span class='ocrx_word' id='word_1_142' title='bbox 1012 1534 1112 1578; x_wconf 88' lang='lat' dir='ltr'><strong>solis</strong></span> <span class='ocrx_word' id='word_1_143' title='bbox 1143 1534 1370 1579; x_wconf 87' lang='lat' dir='ltr'><strong>conveniat</strong></span> <span class='ocrx_word' id='word_1_144' title='bbox 1399 1533 1514 1577; x_wconf 90' lang='lat' dir='ltr'><strong>omni</strong></span> <span class='ocrx_word' id='word_1_145' title='bbox 1544 1545 1597 1577; x_wconf 85' lang='lat' dir='ltr'><strong>ex</strong></span> 
     </span>
     <span class='ocr_line' id='line_1_21' title="bbox 178 1606 1613 1664; baseline -0.001 -14"><span class='ocrx_word' id='word_1_146' title='bbox 178 1608 301 1660; x_wconf 88' lang='lat' dir='ltr'><strong>parte</strong></span> <span class='ocrx_word' id='word_1_147' title='bbox 332 1606 458 1650; x_wconf 88' lang='lat' dir='ltr'><strong>beate</strong></span> <span class='ocrx_word' id='word_1_148' title='bbox 489 1607 646 1652; x_wconf 87' lang='lat' dir='ltr'><strong>vivere.</strong></span> <span class='ocrx_word' id='word_1_149' title='bbox 709 1606 851 1660; x_wconf 85' lang='lat' dir='ltr'><strong>Quam</strong></span> <span class='ocrx_word' id='word_1_150' title='bbox 877 1606 1117 1660; x_wconf 88' lang='lat' dir='ltr'><strong>opinionem</strong></span> <span class='ocrx_word' id='word_1_151' title='bbox 1158 1614 1244 1650; x_wconf 93' lang='lat' dir='ltr'><strong>non</strong></span> <span class='ocrx_word' id='word_1_152' title='bbox 1275 1618 1368 1650; x_wconf 85' lang='lat' dir='ltr'><strong>esse</strong></span> <span class='ocrx_word' id='word_1_153' title='bbox 1399 1610 1488 1649; x_wconf 81' lang='lat' dir='ltr'><strong>tam</strong></span> <span class='ocrx_word' id='word_1_154' title='bbox 1519 1619 1613 1664; x_wconf 42' lang='lat' dir='ltr'><strong>pus</strong></span> 
     </span>
     <span class='ocr_line' id='line_1_22' title="bbox 176 1678 1594 1735; baseline 0.001 -15"><span class='ocrx_word' id='word_1_155' title='bbox 176 1689 271 1719; x_wconf 86' lang='lat' dir='ltr'><strong>ram</strong></span> <span class='ocrx_word' id='word_1_156' title='bbox 303 1680 431 1730; x_wconf 86' lang='lat' dir='ltr'><strong>atque</strong></span> <span class='ocrx_word' id='word_1_157' title='bbox 462 1682 626 1721; x_wconf 81' lang='lat' dir='ltr'><strong>castam</strong></span> <span class='ocrx_word' id='word_1_158' title='bbox 658 1683 787 1732; x_wconf 88' lang='lat' dir='ltr'><strong>quam</strong></span> <span class='ocrx_word' id='word_1_159' title='bbox 817 1678 1044 1735; x_wconf 88' lang='lat' dir='ltr'><strong>Aeschyli,</strong></span> <span class='ocrx_word' id='word_1_160' title='bbox 1086 1679 1160 1732; x_wconf 91' lang='lat' dir='ltr'><strong>qui</strong></span> <span class='ocrx_word' id='word_1_161' title='bbox 1200 1678 1361 1722; x_wconf 79' lang='lat' dir='ltr'><strong>diserte</strong></span> <span class='ocrx_word' id='word_1_162' title='bbox 1386 1678 1594 1731; x_wconf 86' lang='lat' dir='ltr'><strong>declaret,</strong></span> 
     </span>
     <span class='ocr_line' id='line_1_23' title="bbox 178 1747 1590 1808; baseline 0 -16"><span class='ocrx_word' id='word_1_163' title='bbox 178 1747 426 1793; x_wconf 78' lang='lat' dir='ltr'><strong>felicitatem</strong></span> <span class='ocrx_word' id='word_1_164' title='bbox 456 1761 540 1793; x_wconf 92' lang='lat' dir='ltr'><strong>non</strong></span> <span class='ocrx_word' id='word_1_165' title='bbox 572 1761 664 1793; x_wconf 89' lang='lat' dir='ltr'><strong>esse</strong></span> <span class='ocrx_word' id='word_1_166' title='bbox 694 1750 738 1793; x_wconf 86' lang='lat' dir='ltr'><strong>in</strong></span> <span class='ocrx_word' id='word_1_167' title='bbox 771 1761 901 1793; x_wconf 86' lang='lat' dir='ltr'><strong>causa</strong></span> <span class='ocrx_word' id='word_1_168' title='bbox 938 1761 1074 1803; x_wconf 90' lang='lat' dir='ltr'><strong>neque</strong></span> <span class='ocrx_word' id='word_1_169' title='bbox 1108 1750 1273 1805; x_wconf 87' lang='lat' dir='ltr'><strong>peccati</strong></span> <span class='ocrx_word' id='word_1_170' title='bbox 1306 1762 1444 1808; x_wconf 85' lang='lat' dir='ltr'><strong>neque</strong></span> <span class='ocrx_word' id='word_1_171' title='bbox 1476 1750 1590 1794; x_wconf 86' lang='lat' dir='ltr'><strong>cala-</strong></span> 
     </span>
     <span class='ocr_line' id='line_1_24' title="bbox 176 1820 1593 1879; baseline 0.001 -15"><span class='ocrx_word' id='word_1_172' title='bbox 176 1820 385 1874; x_wconf 86' lang='lat' dir='ltr'><strong>mitatum,</strong></span> <span class='ocrx_word' id='word_1_173' title='bbox 418 1821 511 1879; x_wconf 87' lang='lat' dir='ltr'><strong>quis</strong></span> <span class='ocrx_word' id='word_1_174' title='bbox 543 1823 722 1875; x_wconf 74' lang='lat' dir='ltr'><strong>negat?v</strong></span> <span class='ocrx_word' id='word_1_175' title='bbox 763 1822 991 1865; x_wconf 87' lang='lat' dir='ltr'><strong>Enimvero</strong></span> <span class='ocrx_word' id='word_1_176' title='bbox 1022 1822 1088 1865; x_wconf 93' lang='lat' dir='ltr'><strong>his</strong></span> <span class='ocrx_word' id='word_1_177' title='bbox 1120 1822 1333 1875; x_wconf 88' lang='lat' dir='ltr'><strong>omnibus,</strong></span> <span class='ocrx_word' id='word_1_178' title='bbox 1365 1834 1472 1877; x_wconf 89' lang='lat' dir='ltr'><strong>quos</strong></span> <span class='ocrx_word' id='word_1_179' title='bbox 1502 1821 1593 1867; x_wconf 76' lang='lat' dir='ltr'><strong>lau-</strong></span> 
     </span>
     <span class='ocr_line' id='line_1_25' title="bbox 165 1892 1593 1948; baseline 0.003 -13"><span class='ocrx_word' id='word_1_180' title='bbox 165 1892 292 1945; x_wconf 85' lang='lat' dir='ltr'><strong>davi,</strong></span> <span class='ocrx_word' id='word_1_181' title='bbox 323 1892 425 1936; x_wconf 89' lang='lat' dir='ltr'><strong>locis</strong></span> <span class='ocrx_word' id='word_1_182' title='bbox 457 1905 548 1936; x_wconf 89' lang='lat' dir='ltr'><strong>esse</strong></span> <span class='ocrx_word' id='word_1_183' title='bbox 579 1893 831 1947; x_wconf 86' lang='lat' dir='ltr'><strong>suplendam</strong></span> <span class='ocrx_word' id='word_1_184' title='bbox 861 1893 970 1937; x_wconf 87' lang='lat' dir='ltr'><strong>hanc</strong></span> <span class='ocrx_word' id='word_1_185' title='bbox 1002 1893 1093 1937; x_wconf 87' lang='lat' dir='ltr'><strong>fere</strong></span> <span class='ocrx_word' id='word_1_186' title='bbox 1126 1894 1400 1948; x_wconf 70' lang='lat' dir='ltr'><strong>sententiam,</strong></span> <span class='ocrx_word' id='word_1_187' title='bbox 1428 1907 1499 1939; x_wconf 85' lang='lat' dir='ltr'><strong>res</strong></span> <span class='ocrx_word' id='word_1_188' title='bbox 1528 1907 1593 1939; x_wconf 93' lang='lat' dir='ltr'><strong>se-</strong></span> 
     </span>
     <span class='ocr_line' id='line_1_26' title="bbox 180 1963 1591 2021; baseline 0.002 -15"><span class='ocrx_word' id='word_1_189' title='bbox 180 1963 350 2007; x_wconf 85' lang='lat' dir='ltr'><strong>cundae·</strong></span> <span class='ocrx_word' id='word_1_190' title='bbox 376 1963 593 2007; x_wconf 89' lang='lat' dir='ltr'><strong>hominum</strong></span> <span class='ocrx_word' id='word_1_191' title='bbox 625 1965 792 2008; x_wconf 84' lang='lat' dir='ltr'><strong>animos</strong></span> <span class='ocrx_word' id='word_1_192' title='bbox 821 1964 974 2009; x_wconf 89' lang='lat' dir='ltr'><strong>efferre</strong></span> <span class='ocrx_word' id='word_1_193' title='bbox 1008 1966 1169 2019; x_wconf 87' lang='lat' dir='ltr'><strong>solent,</strong></span> <span class='ocrx_word' id='word_1_194' title='bbox 1215 1969 1264 2010; x_wconf 83' lang='lat' dir='ltr'><strong>ut</strong></span> <span class='ocrx_word' id='word_1_195' title='bbox 1294 1965 1591 2021; x_wconf 84' lang='lat' dir='ltr'><strong>superbientes</strong></span> 
     </span>
     <span class='ocr_line' id='line_1_27' title="bbox 177 2035 1590 2092; baseline 0.002 -14"><span class='ocrx_word' id='word_1_196' title='bbox 177 2035 491 2089; x_wconf 84' lang='lat' dir='ltr'><strong>humanumque</strong></span> <span class='ocrx_word' id='word_1_197' title='bbox 523 2035 694 2078; x_wconf 90' lang='lat' dir='ltr'><strong>modum</strong></span> <span class='ocrx_word' id='word_1_198' title='bbox 725 2037 978 2081; x_wconf 87' lang='lat' dir='ltr'><strong>excedentes</strong></span> <span class='ocrx_word' id='word_1_199' title='bbox 1018 2037 1382 2082; x_wconf 86' lang='lat' dir='ltr'><strong>immoderationis</strong></span> <span class='ocrx_word' id='word_1_200' title='bbox 1431 2050 1590 2092; x_wconf 85' lang='lat' dir='ltr'><strong>poenas</strong></span> 
     </span>
     <span class='ocr_line' id='line_1_28' title="bbox 176 2106 1592 2163; baseline 0.002 -13"><span class='ocrx_word' id='word_1_201' title='bbox 176 2107 321 2161; x_wconf 79' lang='lat' dir='ltr'><strong>luant,</strong></span> <span class='ocrx_word' id='word_1_202' title='bbox 362 2106 594 2151; x_wconf 86' lang='lat' dir='ltr'><strong>concedere</strong></span> <span class='ocrx_word' id='word_1_203' title='bbox 625 2119 709 2150; x_wconf 86' lang='lat' dir='ltr'><strong>non</strong></span> <span class='ocrx_word' id='word_1_204' title='bbox 738 2119 930 2162; x_wconf 87' lang='lat' dir='ltr'><strong>possum,</strong></span> <span class='ocrx_word' id='word_1_205' title='bbox 974 2110 1233 2163; x_wconf 86' lang='lat' dir='ltr'><strong>praesertim</strong></span> <span class='ocrx_word' id='word_1_206' title='bbox 1263 2121 1394 2163; x_wconf 92' lang='lat' dir='ltr'><strong>quum</strong></span> <span class='ocrx_word' id='word_1_207' title='bbox 1423 2109 1592 2153; x_wconf 83' lang='lat' dir='ltr'><strong>Amasis</strong></span> 
     </span>
     <span class='ocr_line' id='line_1_29' title="bbox 176 2178 1589 2237; baseline 0.002 -16"><span class='ocrx_word' id='word_1_208' title='bbox 176 2178 273 2237; x_wconf 90' lang='lat' dir='ltr'>(III,</span> <span class='ocrx_word' id='word_1_209' title='bbox 306 2182 362 2222; x_wconf 87' lang='lat'><strong>40</strong></span> <span class='ocrx_word' id='word_1_210' title='bbox 394 2183 438 2221; x_wconf 83' lang='lat' dir='ltr'><strong>et</strong></span> <span class='ocrx_word' id='word_1_211' title='bbox 469 2181 564 2233; x_wconf 87' lang='lat'>43),</span> <span class='ocrx_word' id='word_1_212' title='bbox 611 2190 719 2232; x_wconf 89' lang='lat' dir='ltr'><strong>quae</strong></span> <span class='ocrx_word' id='word_1_213' title='bbox 764 2182 831 2222; x_wconf 91' lang='lat' dir='ltr'><strong>est</strong></span> <span class='ocrx_word' id='word_1_214' title='bbox 877 2181 1054 2234; x_wconf 89' lang='lat' dir='ltr'><strong>propria</strong></span> <span class='ocrx_word' id='word_1_215' title='bbox 1107 2180 1317 2224; x_wconf 84' lang='lat' dir='ltr'><strong>Herodoti</strong></span> <span class='ocrx_word' id='word_1_216' title='bbox 1361 2181 1589 2234; x_wconf 78' lang='lat' dir='ltr'><strong>sententia,</strong></span> 
     </span>
     <span class='ocr_line' id='line_1_30' title="bbox 174 2248 1590 2306; baseline 0.001 -12"><span class='ocrx_word' id='word_1_217' title='bbox 174 2250 280 2295; x_wconf 88' lang='lat' dir='ltr'><strong>nihil</strong></span> <span class='ocrx_word' id='word_1_218' title='bbox 310 2250 428 2295; x_wconf 91' lang='lat' dir='ltr'><strong>aliud</strong></span> <span class='ocrx_word' id='word_1_219' title='bbox 459 2250 503 2294; x_wconf 93' lang='lat' dir='ltr'><strong>in</strong></span> <span class='ocrx_word' id='word_1_220' title='bbox 533 2263 662 2295; x_wconf 88' lang='lat' dir='ltr'><strong>causa</strong></span> <span class='ocrx_word' id='word_1_221' title='bbox 693 2250 949 2296; x_wconf 85' lang='lat' dir='ltr'><strong>calamitatis</strong></span> <span class='ocrx_word' id='word_1_222' title='bbox 983 2250 1159 2306; x_wconf 85' lang='lat' dir='ltr'><strong>habeat,</strong></span> <span class='ocrx_word' id='word_1_223' title='bbox 1198 2252 1280 2296; x_wconf 92' lang='lat' dir='ltr'><strong>nisi</strong></span> <span class='ocrx_word' id='word_1_224' title='bbox 1313 2248 1399 2306; x_wconf 65' lang='lat' dir='ltr'><strong>„voi</strong></span> <span class='ocrx_word' id='word_1_225' title='bbox 1432 2248 1590 2297; x_wconf 76' lang='grc' dir='ltr'><strong><em>πάντα</em></strong></span> 
     </span>
     <span class='ocr_line' id='line_1_31' title="bbox 174 2318 451 2381; baseline 0 -14"><span class='ocrx_word' id='word_1_226' title='bbox 174 2318 451 2381; x_wconf 73' lang='grc' dir='ltr'><strong><em>εὐτυχέειν.“</em></strong></span> 
     </span>
    </p>

    <p class='ocr_par' dir='ltr' id='par_1_5' title="bbox 175 2394 1593 2812">
     <span class='ocr_line' id='line_1_32' title="bbox 292 2394 1591 2455; baseline 0.002 -18"><span class='ocrx_word' id='word_1_227' title='bbox 292 2394 342 2437; x_wconf 91' lang='lat' dir='ltr'><strong>In</strong></span> <span class='ocrx_word' id='word_1_228' title='bbox 393 2394 681 2438; x_wconf 85' lang='lat' dir='ltr'><strong>mutabilitate</strong></span> <span class='ocrx_word' id='word_1_229' title='bbox 726 2398 770 2437; x_wconf 78' lang='lat' dir='ltr'><strong>et</strong></span> <span class='ocrx_word' id='word_1_230' title='bbox 810 2406 955 2437; x_wconf 91' lang='lat' dir='ltr'><strong>rerum</strong></span> <span class='ocrx_word' id='word_1_231' title='bbox 999 2395 1283 2440; x_wconf 88' lang='lat' dir='ltr'><strong>humanarum</strong></span> <span class='ocrx_word' id='word_1_232' title='bbox 1314 2396 1368 2455; x_wconf 37' lang='lat' dir='ltr'><strong>sset</strong></span> <span class='ocrx_word' id='word_1_233' title='bbox 1408 2396 1591 2440; x_wconf 87' lang='lat' dir='ltr'><strong>hominis</strong></span> 
     </span>
     <span class='ocr_line' id='line_1_33' title="bbox 178 2465 1591 2523; baseline 0.004 -15"><span class='ocrx_word' id='word_1_234' title='bbox 178 2465 311 2520; x_wconf 82' lang='lat' dir='ltr'><strong>ipsius</strong></span> <span class='ocrx_word' id='word_1_235' title='bbox 373 2470 509 2510; x_wconf 89' lang='lat' dir='ltr'><strong>mutet</strong></span> <span class='ocrx_word' id='word_1_236' title='bbox 560 2477 725 2520; x_wconf 89' lang='lat' dir='ltr'><strong>quoque</strong></span> <span class='ocrx_word' id='word_1_237' title='bbox 773 2465 972 2520; x_wconf 84' lang='lat' dir='ltr'><strong>fortuna,</strong></span> <span class='ocrx_word' id='word_1_238' title='bbox 1028 2479 1202 2511; x_wconf 87' lang='lat' dir='ltr'><strong>necesse</strong></span> <span class='ocrx_word' id='word_1_239' title='bbox 1247 2471 1312 2512; x_wconf 90' lang='lat' dir='ltr'><strong>est</strong></span> <span class='ocrx_word' id='word_1_240' title='bbox 1353 2468 1404 2521; x_wconf 86' lang='grc' dir='ltr'><strong>(Ι,</strong></span> <span class='ocrx_word' id='word_1_241' title='bbox 1449 2471 1591 2523; x_wconf 85' lang='grc'>207.);</span> 
     </span>
     <span class='ocr_line' id='line_1_34' title="bbox 175 2533 1593 2598; baseline 0.003 -17"><span class='ocrx_word' id='word_1_242' title='bbox 175 2539 249 2596; x_wconf 72' lang='lat' dir='ltr'><strong>„el</strong></span> <span class='ocrx_word' id='word_1_243' title='bbox 281 2533 319 2582; x_wconf 73' lang='grc' dir='ltr'><strong>δ’</strong></span> <span class='ocrx_word' id='word_1_244' title='bbox 351 2541 562 2597; x_wconf 79' lang='grc' dir='ltr'><strong><em>ἔγνωκας,</em></strong></span> <span class='ocrx_word' id='word_1_245' title='bbox 608 2535 678 2581; x_wconf 74' lang='grc' dir='ltr'><strong>ὅτι</strong></span> <span class='ocrx_word' id='word_1_246' title='bbox 722 2535 971 2594; x_wconf 73' lang='grc' dir='ltr'><strong><em>ἅνθρωπος</em></strong></span> <span class='ocrx_word' id='word_1_247' title='bbox 1010 2539 1080 2582; x_wconf 81' lang='grc' dir='ltr'><strong>καὶ</strong></span> <span class='ocrx_word' id='word_1_248' title='bbox 1122 2538 1177 2582; x_wconf 77' lang='grc' dir='ltr'><strong>σύ</strong></span> <span class='ocrx_word' id='word_1_249' title='bbox 1215 2539 1277 2589; x_wconf 83' lang='grc' dir='ltr'><strong>εἷς</strong></span> <span class='ocrx_word' id='word_1_250' title='bbox 1315 2543 1389 2584; x_wconf 82' lang='grc' dir='ltr'><strong>καὶ</strong></span> <span class='ocrx_word' id='word_1_251' title='bbox 1426 2540 1593 2598; x_wconf 80' lang='grc' dir='ltr'><strong><em>ἑτέρων</em></strong></span> 
     </span>
     <span class='ocr_line' id='line_1_35' title="bbox 176 2606 1593 2674; baseline 0.004 -21"><span class='ocrx_word' id='word_1_252' title='bbox 176 2608 367 2674; x_wconf 40' lang='lat' dir='ltr'><strong>‘sofista</strong></span> <span class='ocrx_word' id='word_1_253' title='bbox 401 2606 565 2669; x_wconf 73' lang='grc' dir='ltr'><strong><em>ἄρχεις,</em></strong></span> <span class='ocrx_word' id='word_1_254' title='bbox 622 2613 762 2653; x_wconf 74' lang='grc' dir='ltr'><strong><em>ἐκεῖνο</em></strong></span> <span class='ocrx_word' id='word_1_255' title='bbox 796 2611 979 2666; x_wconf 78' lang='grc' dir='ltr'><strong><em>πρῶτον</em></strong></span> <span class='ocrx_word' id='word_1_256' title='bbox 1006 2608 1148 2669; x_wconf 73' lang='grc' dir='ltr'><em>μάθε,</em></span> <span class='ocrx_word' id='word_1_257' title='bbox 1202 2608 1259 2661; x_wconf 75' lang='grc' dir='ltr'><strong>αἷς</strong></span> <span class='ocrx_word' id='word_1_258' title='bbox 1298 2609 1457 2662; x_wconf 79' lang='grc' dir='ltr'><strong><em>κύκλος</em></strong></span> <span class='ocrx_word' id='word_1_259' title='bbox 1499 2613 1593 2658; x_wconf 78' lang='grc' dir='ltr'><strong>τῶν</strong></span> 
     </span>
     <span class='ocr_line' id='line_1_36' title="bbox 182 2677 1592 2741; baseline 0.001 -16"><span class='ocrx_word' id='word_1_260' title='bbox 182 2677 497 2738; x_wconf 72' lang='grc' dir='ltr'><strong><em>ἅνθρωπηΐων</em></strong></span> <span class='ocrx_word' id='word_1_261' title='bbox 537 2686 630 2727; x_wconf 80' lang='grc' dir='ltr'><strong><em>ἐστὶ</em></strong></span> <span class='ocrx_word' id='word_1_262' title='bbox 672 2677 971 2740; x_wconf 73' lang='grc' dir='ltr'><strong><em>πρηγμάτων,</em></strong></span> <span class='ocrx_word' id='word_1_263' title='bbox 1020 2679 1380 2741; x_wconf 79' lang='grc' dir='ltr'><strong><em>περιφερόμενος</em></strong></span> <span class='ocrx_word' id='word_1_264' title='bbox 1429 2683 1478 2729; x_wconf 82' lang='grc' dir='ltr'><strong>δέ</strong></span> <span class='ocrx_word' id='word_1_265' title='bbox 1510 2680 1592 2729; x_wconf 75' lang='grc' dir='ltr'><strong>οὐκ</strong></span> 
     </span>
     <span class='ocr_line' id='line_1_37' title="bbox 176 2748 979 2812; baseline -0.002 -16"><span class='ocrx_word' id='word_1_266' title='bbox 176 2752 230 2808; x_wconf 64' lang='grc' dir='ltr'><strong>ἐᾷ</strong></span> <span class='ocrx_word' id='word_1_267' title='bbox 261 2752 345 2796; x_wconf 80' lang='grc' dir='ltr'><strong><em>αἰεὶ</em></strong></span> <span class='ocrx_word' id='word_1_268' title='bbox 364 2752 486 2800; x_wconf 76' lang='grc' dir='ltr'><strong><em>,τούς</em></strong></span> <span class='ocrx_word' id='word_1_269' title='bbox 519 2748 688 2802; x_wconf 72' lang='grc' dir='ltr'><strong><em>αὐτούς</em></strong></span> <span class='ocrx_word' id='word_1_270' title='bbox 719 2749 979 2812; x_wconf 58' lang='grc' dir='ltr'><strong>εὐτυχέειν*</strong></span> 
     </span>
    </p>

    <p class='ocr_par' dir='ltr' id='par_1_6' title="bbox 297 2823 1593 2886">
     <span class='ocr_line' id='line_1_38' title="bbox 297 2823 1593 2886; baseline 0.005 -18"><span class='ocrx_word' id='word_1_271' title='bbox 297 2823 416 2877; x_wconf 78' lang='lat' dir='ltr'><strong>Quae</strong></span> <span class='ocrx_word' id='word_1_272' title='bbox 448 2825 660 2870; x_wconf 89' lang='lat' dir='ltr'><strong>sententia</strong></span> <span class='ocrx_word' id='word_1_273' title='bbox 673 2824 953 2880; x_wconf 86' lang='lat' dir='ltr'><strong>Herodotum,</strong></span> <span class='ocrx_word' id='word_1_274' title='bbox 984 2827 1138 2882; x_wconf 89' lang='lat' dir='ltr'><strong>quippe</strong></span> <span class='ocrx_word' id='word_1_275' title='bbox 1161 2829 1234 2882; x_wconf 91' lang='lat' dir='ltr'><strong>qui</strong></span> <span class='ocrx_word' id='word_1_276' title='bbox 1256 2831 1441 2879; x_wconf 75' lang='lat' dir='ltr'><strong>maxima</strong></span> <span class='ocrx_word' id='word_1_277' title='bbox 1456 2841 1593 2886; x_wconf 81' lang='lat' dir='ltr'><strong>regna</strong></span> 
     </span>
    </p>
   </div>
  </div>
 </body>
</html>
