<?xml version="1.0" encoding="UTF-8"?>
<!DOCTYPE html PUBLIC "-//W3C//DTD XHTML 1.0 Transitional//EN"
    "http://www.w3.org/TR/xhtml1/DTD/xhtml1-transitional.dtd">
<html xmlns="http://www.w3.org/1999/xhtml" xml:lang="en" lang="en">
 <head>
  <title>
</title>
<meta http-equiv="Content-Type" content="text/html;charset=utf-8" />
  <meta name='ocr-system' content='tesseract 3.04.00' />
  <meta name='ocr-capabilities' content='ocr_page ocr_carea ocr_par ocr_line ocrx_word'/>
</head>
<body>
  <div class='ocr_page' id='page_1' title='image "./4627211_0049.png"; bbox 0 0 1855 3214; ppageno 0'>
   <div class='ocr_carea' id='block_1_1' title="bbox 865 253 918 302">
    <p class='ocr_par' dir='ltr' id='par_1_1' title="bbox 865 253 918 302">
     <span class='ocr_line' id='line_1_1' title="bbox 865 253 918 302; baseline 0 0"><span class='ocrx_word' id='word_1_1' title='bbox 865 253 918 302; x_wconf 76' lang='lat'><strong>39</strong></span> 
     </span>
    </p>
   </div>
   <div class='ocr_carea' id='block_1_2' title="bbox 746 319 1027 326">
    <p class='ocr_par' dir='ltr' id='par_1_2' title="bbox 746 319 1027 326">
     <span class='ocr_line' id='line_1_2' title="bbox 746 319 1027 326; baseline 0 0"><span class='ocrx_word' id='word_1_2' title='bbox 746 319 1027 326; x_wconf 95' lang='lat' dir='ltr'><strong> </strong></span> 
     </span>
    </p>
   </div>
   <div class='ocr_carea' id='block_1_3' title="bbox 175 388 1598 2456">
    <p class='ocr_par' dir='ltr' id='par_1_3' title="bbox 179 388 1595 728">
     <span class='ocr_line' id='line_1_3' title="bbox 296 388 1594 445; baseline -0.001 -13"><span class='ocrx_word' id='word_1_3' title='bbox 296 390 354 432; x_wconf 88' lang='lat' dir='ltr'><strong>At</strong></span> <span class='ocrx_word' id='word_1_4' title='bbox 370 392 515 433; x_wconf 88' lang='lat' dir='ltr'><strong>noster</strong></span> <span class='ocrx_word' id='word_1_5' title='bbox 535 388 723 444; x_wconf 86' lang='lat' dir='ltr'><strong>Graecis,</strong></span> <span class='ocrx_word' id='word_1_6' title='bbox 755 390 908 445; x_wconf 90' lang='lat' dir='ltr'><strong>quibus</strong></span> <span class='ocrx_word' id='word_1_7' title='bbox 929 388 1181 443; x_wconf 89' lang='lat' dir='ltr'><strong>conscripsit</strong></span> <span class='ocrx_word' id='word_1_8' title='bbox 1196 388 1431 442; x_wconf 84' lang='lat' dir='ltr'>historiam,</span> <span class='ocrx_word' id='word_1_9' title='bbox 1453 391 1594 433; x_wconf 88' lang='lat' dir='ltr'><strong>osten-</strong></span> 
     </span>
     <span class='ocr_line' id='line_1_4' title="bbox 181 459 1595 519; baseline 0 -16"><span class='ocrx_word' id='word_1_10' title='bbox 181 459 282 505; x_wconf 84' lang='lat' dir='ltr'>dere</span> <span class='ocrx_word' id='word_1_11' title='bbox 313 460 481 519; x_wconf 67' lang='lat' dir='ltr'><strong>vquit„</strong></span> <span class='ocrx_word' id='word_1_12' title='bbox 511 460 640 505; x_wconf 90' lang='lat' dir='ltr'><strong>etiam</strong></span> <span class='ocrx_word' id='word_1_13' title='bbox 677 474 704 505; x_wconf 91' lang='lat' dir='ltr'>a</span> <span class='ocrx_word' id='word_1_14' title='bbox 744 461 946 506; x_wconf 87' lang='lat' dir='ltr'><strong>barbaris</strong></span> <span class='ocrx_word' id='word_1_15' title='bbox 993 460 1308 505; x_wconf 81' lang='lat' dir='ltr'><strong>immortalitati</strong></span> <span class='ocrx_word' id='word_1_16' title='bbox 1349 460 1595 503; x_wconf 89' lang='lat' dir='ltr'><strong>animorum</strong></span> 
     </span>
     <span class='ocr_line' id='line_1_5' title="bbox 179 531 1591 589; baseline 0 -14"><span class='ocrx_word' id='word_1_17' title='bbox 179 533 301 586; x_wconf 88' lang='lat' dir='ltr'><strong>eique</strong></span> <span class='ocrx_word' id='word_1_18' title='bbox 339 546 366 575; x_wconf 90' lang='lat' dir='ltr'>a</span> <span class='ocrx_word' id='word_1_19' title='bbox 407 531 584 576; x_wconf 82' lang='lat' dir='ltr'><strong>Graecis</strong></span> <span class='ocrx_word' id='word_1_20' title='bbox 630 533 686 576; x_wconf 88' lang='lat' dir='ltr'><strong>ad</strong></span> <span class='ocrx_word' id='word_1_21' title='bbox 731 533 825 577; x_wconf 92' lang='lat' dir='ltr'><strong>illos</strong></span> <span class='ocrx_word' id='word_1_22' title='bbox 875 547 959 578; x_wconf 88' lang='lat' dir='ltr'><strong>non</strong></span> <span class='ocrx_word' id='word_1_23' title='bbox 996 533 1214 589; x_wconf 84' lang='lat' dir='ltr'><strong>profectae</strong></span> <span class='ocrx_word' id='word_1_24' title='bbox 1269 531 1397 575; x_wconf 89' lang='lat' dir='ltr'><strong>fidem</strong></span> <span class='ocrx_word' id='word_1_25' title='bbox 1445 531 1591 585; x_wconf 90' lang='lat' dir='ltr'><strong>tribui,</strong></span> 
     </span>
     <span class='ocr_line' id='line_1_6' title="bbox 179 604 1595 660; baseline -0.001 -12"><span class='ocrx_word' id='word_1_26' title='bbox 179 604 291 659; x_wconf 92' lang='lat' dir='ltr'><strong>quod</strong></span> <span class='ocrx_word' id='word_1_27' title='bbox 323 604 540 659; x_wconf 87' lang='lat' dir='ltr'><strong>intelligas</strong></span> <span class='ocrx_word' id='word_1_28' title='bbox 570 604 673 648; x_wconf 89' lang='lat' dir='ltr'><strong>licet</strong></span> <span class='ocrx_word' id='word_1_29' title='bbox 704 617 759 649; x_wconf 86' lang='lat' dir='ltr'><strong>ex</strong></span> <span class='ocrx_word' id='word_1_30' title='bbox 791 604 890 649; x_wconf 88' lang='lat' dir='ltr'><strong>libri</strong></span> <span class='ocrx_word' id='word_1_31' title='bbox 921 605 982 649; x_wconf 91' lang='lat' dir='ltr'><strong>IV</strong></span> <span class='ocrx_word' id='word_1_32' title='bbox 1013 605 1152 660; x_wconf 90' lang='lat' dir='ltr'><strong>capito</strong></span> <span class='ocrx_word' id='word_1_33' title='bbox 1187 607 1265 658; x_wconf 90' lang='grc'><strong>96;</strong></span> <span class='ocrx_word' id='word_1_34' title='bbox 1298 604 1395 648; x_wconf 91' lang='lat' dir='ltr'><strong>vide</strong></span> <span class='ocrx_word' id='word_1_35' title='bbox 1426 608 1595 659; x_wconf 87' lang='lat' dir='ltr'><strong>praete-</strong></span> 
     </span>
     <span class='ocr_line' id='line_1_7' title="bbox 180 676 1200 728; baseline 0.002 -9"><span class='ocrx_word' id='word_1_36' title='bbox 180 687 257 719; x_wconf 89' lang='lat' dir='ltr'><strong>rea</strong></span> <span class='ocrx_word' id='word_1_37' title='bbox 287 676 339 728; x_wconf 89' lang='lat' dir='ltr'><strong>V,</strong></span> <span class='ocrx_word' id='word_1_38' title='bbox 373 679 400 718; x_wconf 88' lang='lat'>4</span> <span class='ocrx_word' id='word_1_39' title='bbox 432 680 476 719; x_wconf 91' lang='lat' dir='ltr'><strong>et</strong></span> <span class='ocrx_word' id='word_1_40' title='bbox 505 676 739 720; x_wconf 89' lang='lat' dir='ltr'><strong>Baehrium</strong></span> <span class='ocrx_word' id='word_1_41' title='bbox 771 678 829 720; x_wconf 89' lang='lat' dir='ltr'><strong>ad</strong></span> <span class='ocrx_word' id='word_1_42' title='bbox 860 678 934 727; x_wconf 90' lang='lat' dir='ltr'><strong>IV,</strong></span> <span class='ocrx_word' id='word_1_43' title='bbox 969 682 1023 721; x_wconf 89' lang='lat'><strong>93</strong></span> <span class='ocrx_word' id='word_1_44' title='bbox 1057 681 1099 720; x_wconf 89' lang='lat' dir='ltr'><strong>et</strong></span> <span class='ocrx_word' id='word_1_45' title='bbox 1132 681 1200 721; x_wconf 88' lang='lat'><strong>94.</strong></span> 
     </span>
    </p>

    <p class='ocr_par' dir='ltr' id='par_1_4' title="bbox 175 744 1598 2096">
     <span class='ocr_line' id='line_1_8' title="bbox 225 744 1598 802; baseline 0 -12"><span class='ocrx_word' id='word_1_46' title='bbox 225 744 229 746; x_wconf 62' lang='grc'><strong>’</strong></span> <span class='ocrx_word' id='word_1_47' title='bbox 309 746 394 790; x_wconf 87' lang='lat' dir='ltr'><strong>Sed</strong></span> <span class='ocrx_word' id='word_1_48' title='bbox 435 759 487 790; x_wconf 92' lang='lat' dir='ltr'><strong>ne</strong></span> <span class='ocrx_word' id='word_1_49' title='bbox 514 747 629 802; x_wconf 82' lang='lat' dir='ltr'><strong>J&#39;usto</strong></span> <span class='ocrx_word' id='word_1_50' title='bbox 663 748 823 791; x_wconf 87' lang='lat' dir='ltr'><strong>diutius</strong></span> <span class='ocrx_word' id='word_1_51' title='bbox 870 761 1085 792; x_wconf 84' lang='lat' dir='ltr'><strong>moremur</strong></span> <span class='ocrx_word' id='word_1_52' title='bbox 1115 747 1484 800; x_wconf 87' lang='lat' dir='ltr'><strong>Hoffmeisterum,</strong></span> <span class='ocrx_word' id='word_1_53' title='bbox 1525 747 1598 801; x_wconf 92' lang='lat' dir='ltr'><strong>qui</strong></span> 
     </span>
     <span class='ocr_line' id='line_1_9' title="bbox 180 818 1593 874; baseline -0.001 -12"><span class='ocrx_word' id='word_1_54' title='bbox 180 818 382 863; x_wconf 88' lang='lat' dir='ltr'><strong>videlicet</strong></span> <span class='ocrx_word' id='word_1_55' title='bbox 412 820 456 861; x_wconf 92' lang='lat' dir='ltr'><strong>in</strong></span> <span class='ocrx_word' id='word_1_56' title='bbox 487 820 749 874; x_wconf 86' lang='lat' dir='ltr'><strong>geographia</strong></span> <span class='ocrx_word' id='word_1_57' title='bbox 773 819 1019 864; x_wconf 92' lang='lat' dir='ltr'><strong>Herodotea</strong></span> <span class='ocrx_word' id='word_1_58' title='bbox 1051 833 1102 863; x_wconf 89' lang='lat' dir='ltr'><strong>ne</strong></span> <span class='ocrx_word' id='word_1_59' title='bbox 1135 820 1271 863; x_wconf 88' lang='lat' dir='ltr'><strong>locum</strong></span> <span class='ocrx_word' id='word_1_60' title='bbox 1303 819 1486 872; x_wconf 88' lang='lat' dir='ltr'><strong>quidem,</strong></span> <span class='ocrx_word' id='word_1_61' title='bbox 1519 819 1593 862; x_wconf 91' lang='lat' dir='ltr'><strong>ubi</strong></span> 
     </span>
     <span class='ocr_line' id='line_1_10' title="bbox 181 889 1593 947; baseline 0.001 -14"><span class='ocrx_word' id='word_1_62' title='bbox 181 889 410 934; x_wconf 83' lang='lat' dir='ltr'>collocaret</span> <span class='ocrx_word' id='word_1_63' title='bbox 438 895 641 945; x_wconf 90' lang='lat' dir='ltr'><strong>mortuos,</strong></span> <span class='ocrx_word' id='word_1_64' title='bbox 673 892 864 935; x_wconf 87' lang='lat' dir='ltr'><strong>invenire</strong></span> <span class='ocrx_word' id='word_1_65' title='bbox 893 893 1046 947; x_wconf 89' lang='lat' dir='ltr'><strong>potuit,</strong></span> <span class='ocrx_word' id='word_1_66' title='bbox 1080 895 1198 935; x_wconf 90' lang='lat' dir='ltr'><strong>certa</strong></span> <span class='ocrx_word' id='word_1_67' title='bbox 1224 890 1435 945; x_wconf 86' lang='lat' dir='ltr'>quaedam</span> <span class='ocrx_word' id='word_1_68' title='bbox 1466 903 1593 944; x_wconf 86' lang='lat' dir='ltr'><strong>argu-</strong></span> 
     </span>
     <span class='ocr_line' id='line_1_11' title="bbox 180 961 1594 1016; baseline 0 -11"><span class='ocrx_word' id='word_1_69' title='bbox 180 965 325 1005; x_wconf 90' lang='lat' dir='ltr'><strong>menta</strong></span> <span class='ocrx_word' id='word_1_70' title='bbox 357 961 608 1015; x_wconf 86' lang='lat' dir='ltr'><strong>afferamus,</strong></span> <span class='ocrx_word' id='word_1_71' title='bbox 649 962 761 1006; x_wconf 92' lang='lat' dir='ltr'><strong>unde</strong></span> <span class='ocrx_word' id='word_1_72' title='bbox 797 963 1062 1006; x_wconf 88' lang='lat' dir='ltr'><strong>Herodotum</strong></span> <span class='ocrx_word' id='word_1_73' title='bbox 1095 967 1273 1006; x_wconf 86' lang='lat' dir='ltr'><strong>mortem</strong></span> <span class='ocrx_word' id='word_1_74' title='bbox 1306 975 1384 1016; x_wconf 92' lang='lat' dir='ltr'><strong>pro</strong></span> <span class='ocrx_word' id='word_1_75' title='bbox 1415 963 1594 1005; x_wconf 87' lang='lat' dir='ltr'><strong>interitu</strong></span> 
     </span>
     <span class='ocr_line' id='line_1_12' title="bbox 180 1034 1597 1090; baseline 0.001 -13"><span class='ocrx_word' id='word_1_76' title='bbox 180 1046 264 1077; x_wconf 90' lang='lat' dir='ltr'><strong>non</strong></span> <span class='ocrx_word' id='word_1_77' title='bbox 295 1034 494 1078; x_wconf 88' lang='lat' dir='ltr'><strong>habuisse</strong></span> <span class='ocrx_word' id='word_1_78' title='bbox 536 1034 679 1089; x_wconf 85' lang='lat' dir='ltr'><strong>colligi</strong></span> <span class='ocrx_word' id='word_1_79' title='bbox 724 1039 877 1090; x_wconf 87' lang='lat' dir='ltr'><strong>potest.</strong></span> <span class='ocrx_word' id='word_1_80' title='bbox 940 1035 1110 1079; x_wconf 87' lang='lat' dir='ltr'><strong>Etenim</strong></span> <span class='ocrx_word' id='word_1_81' title='bbox 1159 1034 1429 1088; x_wconf 89' lang='lat' dir='ltr'><strong>Herodotus,</strong></span> <span class='ocrx_word' id='word_1_82' title='bbox 1466 1047 1511 1078; x_wconf 91' lang='lat' dir='ltr'><strong>se</strong></span> <span class='ocrx_word' id='word_1_83' title='bbox 1552 1039 1597 1079; x_wconf 92' lang='lat' dir='ltr'><strong>et</strong></span> 
     </span>
     <span class='ocr_line' id='line_1_13' title="bbox 179 1105 1593 1166; baseline 0 -16"><span class='ocrx_word' id='word_1_84' title='bbox 179 1106 490 1166; x_wconf 85' lang='lat' dir='ltr'><strong>Aegyptiorum</strong></span> <span class='ocrx_word' id='word_1_85' title='bbox 544 1111 588 1150; x_wconf 90' lang='lat' dir='ltr'><strong>et</strong></span> <span class='ocrx_word' id='word_1_86' title='bbox 621 1106 884 1151; x_wconf 87' lang='lat' dir='ltr'><strong>Graecorum</strong></span> <span class='ocrx_word' id='word_1_87' title='bbox 928 1108 1145 1150; x_wconf 90' lang='lat' dir='ltr'><strong>initiatum</strong></span> <span class='ocrx_word' id='word_1_88' title='bbox 1192 1105 1323 1149; x_wconf 89' lang='lat' dir='ltr'><strong>fuisse</strong></span> <span class='ocrx_word' id='word_1_89' title='bbox 1362 1107 1593 1164; x_wconf 74' lang='lat' dir='ltr'><strong>mysteriis,</strong></span> 
     </span>
     <span class='ocr_line' id='line_1_14' title="bbox 178 1178 1594 1236; baseline -0.001 -14"><span class='ocrx_word' id='word_1_90' title='bbox 178 1178 268 1234; x_wconf 89' lang='lat' dir='ltr'><strong>ipse</strong></span> <span class='ocrx_word' id='word_1_91' title='bbox 300 1179 483 1222; x_wconf 88' lang='lat' dir='ltr'><strong>tradidit</strong></span> <span class='ocrx_word' id='word_1_92' title='bbox 514 1178 590 1236; x_wconf 93' lang='lat' dir='ltr'>(II,</span> <span class='ocrx_word' id='word_1_93' title='bbox 625 1182 682 1221; x_wconf 90' lang='lat'><strong>51</strong></span> <span class='ocrx_word' id='word_1_94' title='bbox 719 1182 762 1221; x_wconf 92' lang='lat' dir='ltr'><strong>et</strong></span> <span class='ocrx_word' id='word_1_95' title='bbox 797 1179 912 1234; x_wconf 88' lang='lat'><strong>170).</strong></span> <span class='ocrx_word' id='word_1_96' title='bbox 953 1179 1115 1231; x_wconf 80' lang='lat' dir='ltr'><strong>Quibus</strong></span> <span class='ocrx_word' id='word_1_97' title='bbox 1149 1178 1200 1221; x_wconf 90' lang='lat' dir='ltr'><strong>de</strong></span> <span class='ocrx_word' id='word_1_98' title='bbox 1218 1179 1432 1233; x_wconf 89' lang='lat' dir='ltr'><strong>mysteriis</strong></span> <span class='ocrx_word' id='word_1_99' title='bbox 1465 1191 1594 1232; x_wconf 92' lang='lat' dir='ltr'><strong>quum</strong></span> 
     </span>
     <span class='ocr_line' id='line_1_15' title="bbox 179 1250 1596 1308; baseline 0.001 -14"><span class='ocrx_word' id='word_1_100' title='bbox 179 1263 343 1294; x_wconf 88' lang='lat' dir='ltr'><strong>summa</strong></span> <span class='ocrx_word' id='word_1_101' title='bbox 373 1250 618 1294; x_wconf 90' lang='lat' dir='ltr'><strong>reverentia</strong></span> <span class='ocrx_word' id='word_1_102' title='bbox 649 1250 765 1304; x_wconf 91' lang='lat' dir='ltr'><strong>loqui</strong></span> <span class='ocrx_word' id='word_1_103' title='bbox 801 1251 950 1295; x_wconf 89' lang='lat' dir='ltr'><strong>solitus</strong></span> <span class='ocrx_word' id='word_1_104' title='bbox 982 1252 1037 1294; x_wconf 91' lang='lat' dir='ltr'><strong>sit</strong></span> <span class='ocrx_word' id='word_1_105' title='bbox 1068 1251 1143 1308; x_wconf 94' lang='lat' dir='ltr'>(II,</span> <span class='ocrx_word' id='word_1_106' title='bbox 1167 1253 1191 1294; x_wconf 88' lang='lat'><strong>3</strong></span> <span class='ocrx_word' id='word_1_107' title='bbox 1224 1254 1268 1293; x_wconf 90' lang='lat' dir='ltr'><strong>et</strong></span> <span class='ocrx_word' id='word_1_108' title='bbox 1300 1253 1369 1304; x_wconf 87' lang='lat'><strong>45,</strong></span> <span class='ocrx_word' id='word_1_109' title='bbox 1402 1253 1472 1304; x_wconf 87' lang='lat'><strong>46,</strong></span> <span class='ocrx_word' id='word_1_110' title='bbox 1508 1252 1596 1308; x_wconf 89' lang='lat'>65),</span> 
     </span>
     <span class='ocr_line' id='line_1_16' title="bbox 178 1312 1595 1378; baseline -0.001 -11"><span class='ocrx_word' id='word_1_111' title='bbox 178 1312 263 1367; x_wconf 86' lang='lat' dir='ltr'><strong>non</strong></span> <span class='ocrx_word' id='word_1_112' title='bbox 314 1325 457 1378; x_wconf 89' lang='lat' dir='ltr'><strong>potest</strong></span> <span class='ocrx_word' id='word_1_113' title='bbox 513 1334 604 1366; x_wconf 89' lang='lat' dir='ltr'><strong>esse</strong></span> <span class='ocrx_word' id='word_1_114' title='bbox 644 1322 862 1376; x_wconf 86' lang='lat' dir='ltr'><strong>dubium,</strong></span> <span class='ocrx_word' id='word_1_115' title='bbox 926 1322 1026 1376; x_wconf 90' lang='lat' dir='ltr'><strong>quin</strong></span> <span class='ocrx_word' id='word_1_116' title='bbox 1087 1323 1167 1375; x_wconf 87' lang='lat' dir='ltr'><strong>iis,</strong></span> <span class='ocrx_word' id='word_1_117' title='bbox 1224 1334 1333 1376; x_wconf 88' lang='lat' dir='ltr'><strong>quae</strong></span> <span class='ocrx_word' id='word_1_118' title='bbox 1379 1324 1595 1377; x_wconf 87' lang='lat' dir='ltr'><strong>mysteriis</strong></span> 
     </span>
     <span class='ocr_line' id='line_1_17' title="bbox 184 1394 1595 1449; baseline 0.001 -11"><span class='ocrx_word' id='word_1_119' title='bbox 184 1395 476 1447; x_wconf 82' lang='lat' dir='ltr'><strong>traderentur,</strong></span> <span class='ocrx_word' id='word_1_120' title='bbox 515 1394 643 1438; x_wconf 91' lang='lat' dir='ltr'><strong>fidem</strong></span> <span class='ocrx_word' id='word_1_121' title='bbox 678 1395 1014 1448; x_wconf 89' lang='lat' dir='ltr'><strong>quantulamque</strong></span> <span class='ocrx_word' id='word_1_122' title='bbox 1054 1394 1270 1438; x_wconf 88' lang='lat' dir='ltr'><strong>tribuerit.</strong></span> <span class='ocrx_word' id='word_1_123' title='bbox 1337 1394 1469 1448; x_wconf 89' lang='lat' dir='ltr'><strong>Atqui</strong></span> <span class='ocrx_word' id='word_1_124' title='bbox 1509 1394 1595 1449; x_wconf 88' lang='lat' dir='ltr'><strong>pri-</strong></span> 
     </span>
     <span class='ocr_line' id='line_1_18' title="bbox 180 1465 1598 1526; baseline -0.001 -16"><span class='ocrx_word' id='word_1_125' title='bbox 180 1466 318 1511; x_wconf 91' lang='lat' dir='ltr'><strong>maria</strong></span> <span class='ocrx_word' id='word_1_126' title='bbox 352 1466 538 1510; x_wconf 91' lang='lat' dir='ltr'><strong>omnium</strong></span> <span class='ocrx_word' id='word_1_127' title='bbox 555 1466 723 1509; x_wconf 92' lang='lat' dir='ltr'><strong>omnino</strong></span> <span class='ocrx_word' id='word_1_128' title='bbox 740 1466 1041 1526; x_wconf 77' lang='lat' dir='ltr'><strong>mysteriorum</strong></span> <span class='ocrx_word' id='word_1_129' title='bbox 1072 1466 1154 1509; x_wconf 87' lang='lat' dir='ltr'><strong>fuit</strong></span> <span class='ocrx_word' id='word_1_130' title='bbox 1172 1465 1379 1519; x_wconf 88' lang='lat' dir='ltr'><strong>doctrina,</strong></span> <span class='ocrx_word' id='word_1_131' title='bbox 1411 1466 1598 1509; x_wconf 88' lang='lat' dir='ltr'><strong>animum</strong></span> 
     </span>
     <span class='ocr_line' id='line_1_19' title="bbox 179 1530 1595 1593; baseline 0 -11"><span class='ocrx_word' id='word_1_132' title='bbox 179 1551 272 1584; x_wconf 90' lang='lat' dir='ltr'><strong>esse</strong></span> <span class='ocrx_word' id='word_1_133' title='bbox 315 1539 622 1592; x_wconf 90' lang='lat' dir='ltr'><strong>immortalem,</strong></span> <span class='ocrx_word' id='word_1_134' title='bbox 672 1538 802 1593; x_wconf 34' lang='lat' dir='ltr'><strong>quod,</strong></span> <span class='ocrx_word' id='word_1_135' title='bbox 831 1538 905 1581; x_wconf 93' lang='lat' dir='ltr'><strong>illa</strong></span> <span class='ocrx_word' id='word_1_136' title='bbox 937 1530 1106 1582; x_wconf 63' lang='lat' dir='ltr'><strong>C&#39;eresis</strong></span> <span class='ocrx_word' id='word_1_137' title='bbox 1146 1537 1296 1581; x_wconf 86' lang='lat' dir='ltr'><strong>fabula</strong></span> <span class='ocrx_word' id='word_1_138' title='bbox 1337 1537 1595 1591; x_wconf 83' lang='lat' dir='ltr'><strong>imaginibus</strong></span> 
     </span>
     <span class='ocr_line' id='line_1_20' title="bbox 175 1609 1596 1664; baseline 0.001 -11"><span class='ocrx_word' id='word_1_139' title='bbox 175 1609 414 1664; x_wconf 88' lang='lat' dir='ltr'><strong>ritibusque</strong></span> <span class='ocrx_word' id='word_1_140' title='bbox 446 1610 669 1653; x_wconf 84' lang='lat' dir='ltr'><strong>illustrata</strong></span> <span class='ocrx_word' id='word_1_141' title='bbox 702 1613 747 1653; x_wconf 88' lang='lat' dir='ltr'><strong>et</strong></span> <span class='ocrx_word' id='word_1_142' title='bbox 776 1610 1088 1664; x_wconf 89' lang='lat' dir='ltr'><strong>quodammodo</strong></span> <span class='ocrx_word' id='word_1_143' title='bbox 1119 1610 1163 1653; x_wconf 91' lang='lat' dir='ltr'><strong>in</strong></span> <span class='ocrx_word' id='word_1_144' title='bbox 1194 1622 1322 1654; x_wconf 87' lang='lat' dir='ltr'><strong>scena</strong></span> <span class='ocrx_word' id='word_1_145' title='bbox 1353 1614 1451 1654; x_wconf 87' lang='lat' dir='ltr'><strong>acta</strong></span> <span class='ocrx_word' id='word_1_146' title='bbox 1481 1624 1596 1654; x_wconf 92' lang='lat' dir='ltr'><strong>mor-</strong></span> 
     </span>
     <span class='ocr_line' id='line_1_21' title="bbox 178 1681 1598 1737; baseline 0 -12"><span class='ocrx_word' id='word_1_147' title='bbox 178 1682 337 1726; x_wconf 89' lang='lat' dir='ltr'><strong>talibus</strong></span> <span class='ocrx_word' id='word_1_148' title='bbox 398 1685 497 1725; x_wconf 89' lang='lat' dir='ltr'><strong>ante</strong></span> <span class='ocrx_word' id='word_1_149' title='bbox 554 1681 696 1725; x_wconf 89' lang='lat' dir='ltr'><strong>oculos</strong></span> <span class='ocrx_word' id='word_1_150' title='bbox 755 1682 855 1737; x_wconf 90' lang='lat' dir='ltr'><strong>poni</strong></span> <span class='ocrx_word' id='word_1_151' title='bbox 901 1686 1029 1736; x_wconf 88' lang='lat' dir='ltr'><strong>atque</strong></span> <span class='ocrx_word' id='word_1_152' title='bbox 1092 1681 1149 1725; x_wconf 92' lang='lat' dir='ltr'><strong>ad</strong></span> <span class='ocrx_word' id='word_1_153' title='bbox 1205 1685 1390 1725; x_wconf 89' lang='lat' dir='ltr'><strong>mentem</strong></span> <span class='ocrx_word' id='word_1_154' title='bbox 1441 1682 1598 1726; x_wconf 89' lang='lat' dir='ltr'><strong>adduci</strong></span> 
     </span>
     <span class='ocr_line' id='line_1_22' title="bbox 182 1753 1598 1810; baseline 0.001 -13"><span class='ocrx_word' id='word_1_155' title='bbox 182 1753 430 1810; x_wconf 60' lang='lat' dir='ltr'><strong>solebatffl).</strong></span> <span class='ocrx_word' id='word_1_156' title='bbox 463 1753 753 1797; x_wconf 88' lang='lat' dir='ltr'><strong>Vehementer</strong></span> <span class='ocrx_word' id='word_1_157' title='bbox 783 1754 916 1807; x_wconf 85' lang='lat' dir='ltr'><strong>igitur</strong></span> <span class='ocrx_word' id='word_1_158' title='bbox 947 1754 1100 1798; x_wconf 89' lang='lat' dir='ltr'><strong>mirum</strong></span> <span class='ocrx_word' id='word_1_159' title='bbox 1122 1758 1248 1807; x_wconf 91' lang='lat' dir='ltr'><strong>esset,</strong></span> <span class='ocrx_word' id='word_1_160' title='bbox 1280 1755 1315 1797; x_wconf 93' lang='lat' dir='ltr'><strong>si</strong></span> <span class='ocrx_word' id='word_1_161' title='bbox 1340 1753 1598 1810; x_wconf 86' lang='lat' dir='ltr'><strong>Heredotus,</strong></span> 
     </span>
     <span class='ocr_line' id='line_1_23' title="bbox 181 1824 1597 1881; baseline 0 -11"><span class='ocrx_word' id='word_1_162' title='bbox 181 1824 335 1881; x_wconf 86' lang='lat' dir='ltr'><strong>quippe</strong></span> <span class='ocrx_word' id='word_1_163' title='bbox 367 1826 439 1879; x_wconf 91' lang='lat' dir='ltr'><strong>qui</strong></span> <span class='ocrx_word' id='word_1_164' title='bbox 471 1826 581 1869; x_wconf 85' lang='lat' dir='ltr'><strong>alias</strong></span> <span class='ocrx_word' id='word_1_165' title='bbox 611 1826 697 1880; x_wconf 87' lang='lat' dir='ltr'><strong>pia,</strong></span> <span class='ocrx_word' id='word_1_166' title='bbox 729 1837 812 1880; x_wconf 87' lang='lat' dir='ltr'><strong>qua</strong></span> <span class='ocrx_word' id='word_1_167' title='bbox 844 1825 987 1880; x_wconf 79' lang='lat' dir='ltr'><strong>fuerit,</strong></span> <span class='ocrx_word' id='word_1_168' title='bbox 1019 1829 1160 1870; x_wconf 90' lang='lat' dir='ltr'><strong>mente</strong></span> <span class='ocrx_word' id='word_1_169' title='bbox 1191 1825 1422 1870; x_wconf 81' lang='lat' dir='ltr'><strong>credidisse</strong></span> <span class='ocrx_word' id='word_1_170' title='bbox 1453 1826 1597 1870; x_wconf 88' lang='lat' dir='ltr'><strong>videa-</strong></span> 
     </span>
     <span class='ocr_line' id='line_1_24' title="bbox 179 1897 1595 1953; baseline 0.001 -13"><span class='ocrx_word' id='word_1_171' title='bbox 179 1902 275 1950; x_wconf 89' lang='lat' dir='ltr'><strong>tur,</strong></span> <span class='ocrx_word' id='word_1_172' title='bbox 316 1898 466 1940; x_wconf 90' lang='lat' dir='ltr'><strong>heroes</strong></span> <span class='ocrx_word' id='word_1_173' title='bbox 507 1897 590 1939; x_wconf 92' lang='lat' dir='ltr'><strong>vim</strong></span> <span class='ocrx_word' id='word_1_174' title='bbox 623 1901 964 1951; x_wconf 88' lang='lat' dir='ltr'><strong>potestatemque</strong></span> <span class='ocrx_word' id='word_1_175' title='bbox 1013 1898 1171 1941; x_wconf 89' lang='lat' dir='ltr'><strong>habere</strong></span> <span class='ocrx_word' id='word_1_176' title='bbox 1220 1898 1311 1953; x_wconf 89' lang='lat' dir='ltr'>(IX,</span> <span class='ocrx_word' id='word_1_177' title='bbox 1351 1901 1452 1951; x_wconf 81' lang='lat'><strong>1203</strong></span> <span class='ocrx_word' id='word_1_178' title='bbox 1498 1899 1595 1952; x_wconf 87' lang='lat' dir='ltr'>VII,</span> 
     </span>
     <span class='ocr_line' id='line_1_25' title="bbox 186 1964 1598 2023; baseline 0.001 -11"><span class='ocrx_word' id='word_1_179' title='bbox 186 1964 316 2023; x_wconf 85' lang='lat'>137.),</span> <span class='ocrx_word' id='word_1_180' title='bbox 350 1967 476 2012; x_wconf 89' lang='lat' dir='ltr'><strong>aliter</strong></span> <span class='ocrx_word' id='word_1_181' title='bbox 509 1971 637 2022; x_wconf 90' lang='lat' dir='ltr'><strong>atque</strong></span> <span class='ocrx_word' id='word_1_182' title='bbox 668 1979 812 2012; x_wconf 90' lang='lat' dir='ltr'><strong>omnes</strong></span> <span class='ocrx_word' id='word_1_183' title='bbox 843 1967 933 2012; x_wconf 90' lang='lat' dir='ltr'><strong>fere</strong></span> <span class='ocrx_word' id='word_1_184' title='bbox 965 1968 1166 2023; x_wconf 90' lang='lat' dir='ltr'><strong>aequales</strong></span> <span class='ocrx_word' id='word_1_185' title='bbox 1198 1968 1401 2013; x_wconf 87' lang='lat' dir='ltr'><strong>sensisset</strong></span> <span class='ocrx_word' id='word_1_186' title='bbox 1423 1969 1476 2012; x_wconf 91' lang='lat' dir='ltr'><strong>de</strong></span> <span class='ocrx_word' id='word_1_187' title='bbox 1507 1971 1598 2013; x_wconf 91' lang='lat' dir='ltr'><strong>ani-</strong></span> 
     </span>
     <span class='ocr_line' id='line_1_26' title="bbox 178 2040 778 2096; baseline -0.003 -11"><span class='ocrx_word' id='word_1_188' title='bbox 178 2053 344 2085; x_wconf 89' lang='lat' dir='ltr'><strong>morum</strong></span> <span class='ocrx_word' id='word_1_189' title='bbox 375 2040 709 2084; x_wconf 89' lang='lat' dir='ltr'><strong>immortalitate.</strong></span> <span class='ocrx_word' id='word_1_190' title='bbox 722 2040 778 2096; x_wconf 79' lang='lat'><strong>⁶³)</strong></span> 
     </span>
    </p>

    <p class='ocr_par' dir='ltr' id='par_1_5' title="bbox 179 2111 1597 2384">
     <span class='ocr_line' id='line_1_27' title="bbox 296 2111 1597 2174; baseline 0 -15"><span class='ocrx_word' id='word_1_191' title='bbox 296 2114 445 2174; x_wconf 86' lang='lat' dir='ltr'><strong>Neque</strong></span> <span class='ocrx_word' id='word_1_192' title='bbox 469 2125 655 2168; x_wconf 88' lang='lat' dir='ltr'><strong>unquam</strong></span> <span class='ocrx_word' id='word_1_193' title='bbox 672 2111 918 2157; x_wconf 90' lang='lat' dir='ltr'><strong>Herodotus</strong></span> <span class='ocrx_word' id='word_1_194' title='bbox 935 2113 979 2157; x_wconf 88' lang='lat' dir='ltr'><strong>in</strong></span> <span class='ocrx_word' id='word_1_195' title='bbox 997 2113 1172 2157; x_wconf 91' lang='lat' dir='ltr'><strong>dubium</strong></span> <span class='ocrx_word' id='word_1_196' title='bbox 1192 2117 1380 2168; x_wconf 88' lang='lat' dir='ltr'><strong>revocat,</strong></span> <span class='ocrx_word' id='word_1_197' title='bbox 1397 2127 1497 2158; x_wconf 91' lang='lat' dir='ltr'><strong>num</strong></span> <span class='ocrx_word' id='word_1_198' title='bbox 1511 2114 1597 2159; x_wconf 90' lang='lat' dir='ltr'><strong>sint</strong></span> 
     </span>
     <span class='ocr_line' id='line_1_28' title="bbox 181 2185 1596 2243; baseline 0.001 -12"><span class='ocrx_word' id='word_1_199' title='bbox 181 2185 381 2240; x_wconf 87' lang='lat' dir='ltr'><strong>Tartara,</strong></span> <span class='ocrx_word' id='word_1_200' title='bbox 414 2186 487 2228; x_wconf 93' lang='lat' dir='ltr'><strong>illo</strong></span> <span class='ocrx_word' id='word_1_201' title='bbox 519 2186 631 2229; x_wconf 88' lang='lat' dir='ltr'><strong>enim</strong></span> <span class='ocrx_word' id='word_1_202' title='bbox 661 2186 752 2229; x_wconf 91' lang='lat' dir='ltr'><strong>loco</strong></span> <span class='ocrx_word' id='word_1_203' title='bbox 785 2185 860 2239; x_wconf 93' lang='lat' dir='ltr'>(II,</span> <span class='ocrx_word' id='word_1_204' title='bbox 898 2189 978 2229; x_wconf 87' lang='lat'><strong>122</strong></span> <span class='ocrx_word' id='word_1_205' title='bbox 1013 2191 1056 2230; x_wconf 91' lang='lat' dir='ltr'><strong>et</strong></span> <span class='ocrx_word' id='word_1_206' title='bbox 1092 2187 1208 2243; x_wconf 85' lang='lat'>123.)</span> <span class='ocrx_word' id='word_1_207' title='bbox 1242 2200 1327 2230; x_wconf 93' lang='lat' dir='ltr'><strong>non</strong></span> <span class='ocrx_word' id='word_1_208' title='bbox 1357 2187 1410 2231; x_wconf 89' lang='lat' dir='ltr'><strong>de</strong></span> <span class='ocrx_word' id='word_1_209' title='bbox 1443 2188 1596 2233; x_wconf 87' lang='lat' dir='ltr'><strong>Tarta-</strong></span> 
     </span>
     <span class='ocr_line' id='line_1_29' title="bbox 179 2256 1595 2311; baseline 0 -9"><span class='ocrx_word' id='word_1_210' title='bbox 179 2256 240 2302; x_wconf 90' lang='lat' dir='ltr'><strong>ris</strong></span> <span class='ocrx_word' id='word_1_211' title='bbox 271 2258 347 2302; x_wconf 91' lang='lat' dir='ltr'><strong>sed</strong></span> <span class='ocrx_word' id='word_1_212' title='bbox 387 2257 440 2300; x_wconf 90' lang='lat' dir='ltr'><strong>de</strong></span> <span class='ocrx_word' id='word_1_213' title='bbox 482 2256 652 2310; x_wconf 86' lang='lat' dir='ltr'><strong>fabula,</strong></span> <span class='ocrx_word' id='word_1_214' title='bbox 699 2268 782 2310; x_wconf 90' lang='lat' dir='ltr'><strong>qua</strong></span> <span class='ocrx_word' id='word_1_215' title='bbox 825 2256 1118 2311; x_wconf 88' lang='lat' dir='ltr'><strong>Rampsinitus</strong></span> <span class='ocrx_word' id='word_1_216' title='bbox 1162 2259 1282 2302; x_wconf 89' lang='lat' dir='ltr'><strong>vivus</strong></span> <span class='ocrx_word' id='word_1_217' title='bbox 1320 2259 1364 2302; x_wconf 90' lang='lat' dir='ltr'><strong>in</strong></span> <span class='ocrx_word' id='word_1_218' title='bbox 1409 2259 1595 2303; x_wconf 84' lang='lat' dir='ltr'><strong>Tartara</strong></span> 
     </span>
     <span class='ocr_line' id='line_1_30' title="bbox 181 2327 1595 2384; baseline 0.002 -11"><span class='ocrx_word' id='word_1_219' title='bbox 181 2327 450 2375; x_wconf 87' lang='lat' dir='ltr'><strong>descendisse</strong></span> <span class='ocrx_word' id='word_1_220' title='bbox 483 2329 670 2384; x_wconf 89' lang='lat' dir='ltr'><strong>indeque</strong></span> <span class='ocrx_word' id='word_1_221' title='bbox 701 2329 929 2372; x_wconf 88' lang='lat' dir='ltr'><strong>revertisse</strong></span> <span class='ocrx_word' id='word_1_222' title='bbox 961 2328 1118 2383; x_wconf 86' lang='lat' dir='ltr'><strong>fertur,</strong></span> <span class='ocrx_word' id='word_1_223' title='bbox 1168 2330 1340 2375; x_wconf 90' lang='lat' dir='ltr'><strong>videtur</strong></span> <span class='ocrx_word' id='word_1_224' title='bbox 1382 2330 1595 2377; x_wconf 86' lang='lat' dir='ltr'><strong>dubitare.</strong></span> 
     </span>
    </p>

    <p class='ocr_par' dir='ltr' id='par_1_6' title="bbox 298 2400 1031 2456">
     <span class='ocr_line' id='line_1_31' title="bbox 298 2400 1031 2456; baseline -0.003 -10"><span class='ocrx_word' id='word_1_225' title='bbox 298 2401 326 2446; x_wconf 81' lang='lat' dir='ltr'>J</span> <span class='ocrx_word' id='word_1_226' title='bbox 329 2415 398 2446; x_wconf 89' lang='lat' dir='ltr'><strong>am</strong></span> <span class='ocrx_word' id='word_1_227' title='bbox 430 2402 634 2456; x_wconf 87' lang='lat' dir='ltr'><strong>sequitur,</strong></span> <span class='ocrx_word' id='word_1_228' title='bbox 673 2404 722 2444; x_wconf 93' lang='lat' dir='ltr'><strong>ut</strong></span> <span class='ocrx_word' id='word_1_229' title='bbox 752 2400 1031 2456; x_wconf 85' lang='lat' dir='ltr'><strong>exploremus,</strong></span> 
     </span>
    </p>
   </div>
   <div class='ocr_carea' id='block_1_4' title="bbox 180 2518 461 2529">
    <p class='ocr_par' dir='ltr' id='par_1_7' title="bbox 180 2518 461 2529">
     <span class='ocr_line' id='line_1_32' title="bbox 180 2518 461 2529; baseline 0 685"><span class='ocrx_word' id='word_1_230' title='bbox 180 2518 461 2529; x_wconf 95' lang='lat' dir='ltr'><strong> </strong></span> 
     </span>
    </p>
   </div>
   <div class='ocr_carea' id='block_1_5' title="bbox 180 2591 1594 2764">
    <p class='ocr_par' dir='ltr' id='par_1_8' title="bbox 180 2591 1594 2764">
     <span class='ocr_line' id='line_1_33' title="bbox 277 2591 1594 2644; baseline 0.005 -14"><span class='ocrx_word' id='word_1_231' title='bbox 277 2593 323 2641; x_wconf 79' lang='lat'><strong>⁰²)</strong></span> <span class='ocrx_word' id='word_1_232' title='bbox 347 2592 435 2638; x_wconf 80' lang='lat' dir='ltr'><strong>vid,</strong></span> <span class='ocrx_word' id='word_1_233' title='bbox 462 2593 637 2631; x_wconf 79' lang='lat' dir='ltr'><strong>Creuzer:</strong></span> <span class='ocrx_word' id='word_1_234' title='bbox 678 2591 871 2633; x_wconf 82' lang='lat' dir='ltr'><strong>Herodott.</strong></span> <span class='ocrx_word' id='word_1_235' title='bbox 908 2598 1114 2632; x_wconf 79' lang='lat' dir='ltr'><strong>commeutt.</strong></span> <span class='ocrx_word' id='word_1_236' title='bbox 1141 2605 1178 2644; x_wconf 60' lang='lat' dir='ltr'><strong>p·</strong></span> <span class='ocrx_word' id='word_1_237' title='bbox 1207 2596 1289 2641; x_wconf 80' lang='lat'>107;</span> <span class='ocrx_word' id='word_1_238' title='bbox 1330 2598 1491 2637; x_wconf 89' lang='lat' dir='ltr'><strong>Preller:</strong></span> <span class='ocrx_word' id='word_1_239' title='bbox 1530 2596 1594 2638; x_wconf 75' lang='lat' dir='ltr'><strong>Gr.</strong></span> 
     </span>
     <span class='ocr_line' id='line_1_34' title="bbox 180 2651 947 2702; baseline 0 -12"><span class='ocrx_word' id='word_1_240' title='bbox 180 2651 336 2702; x_wconf 82' lang='lat' dir='ltr'><strong>Mythol.</strong></span> <span class='ocrx_word' id='word_1_241' title='bbox 359 2654 388 2697; x_wconf 92' lang='lat'><strong>1,</strong></span> <span class='ocrx_word' id='word_1_242' title='bbox 414 2664 450 2700; x_wconf 89' lang='lat' dir='ltr'><strong>p.</strong></span> <span class='ocrx_word' id='word_1_243' title='bbox 477 2655 609 2700; x_wconf 84' lang='lat' dir='ltr'><strong>618sq.</strong></span> <span class='ocrx_word' id='word_1_244' title='bbox 636 2657 673 2691; x_wconf 90' lang='lat' dir='ltr'><strong>et</strong></span> <span class='ocrx_word' id='word_1_245' title='bbox 697 2655 776 2691; x_wconf 92' lang='grc'><strong>670.</strong></span> <span class='ocrx_word' id='word_1_246' title='bbox 804 2655 859 2690; x_wconf 87' lang='lat' dir='ltr'><strong>ed.</strong></span> <span class='ocrx_word' id='word_1_247' title='bbox 886 2655 947 2690; x_wconf 84' lang='lat' dir='ltr'><strong>alt.</strong></span> 
     </span>
     <span class='ocr_line' id='line_1_35' title="bbox 276 2712 1592 2764; baseline 0.004 -13"><span class='ocrx_word' id='word_1_248' title='bbox 276 2712 322 2761; x_wconf 60' lang='grc' dir='ltr'><strong>θ’)</strong></span> <span class='ocrx_word' id='word_1_249' title='bbox 347 2714 433 2752; x_wconf 91' lang='lat' dir='ltr'><strong>Vid.</strong></span> <span class='ocrx_word' id='word_1_250' title='bbox 472 2714 583 2753; x_wconf 91' lang='lat' dir='ltr'><strong>Pind.</strong></span> <span class='ocrx_word' id='word_1_251' title='bbox 622 2715 763 2762; x_wconf 84' lang='lat' dir='ltr'><strong>olymp.</strong></span> <span class='ocrx_word' id='word_1_252' title='bbox 801 2715 850 2758; x_wconf 86' lang='grc' dir='ltr'><strong>ΙΙ,</strong></span> <span class='ocrx_word' id='word_1_253' title='bbox 887 2727 920 2754; x_wconf 84' lang='lat' dir='ltr'><strong>v.</strong></span> <span class='ocrx_word' id='word_1_254' title='bbox 960 2714 1102 2753; x_wconf 83' lang='lat'>57—80</span> <span class='ocrx_word' id='word_1_255' title='bbox 1143 2719 1180 2752; x_wconf 92' lang='lat' dir='ltr'><strong>et</strong></span> <span class='ocrx_word' id='word_1_256' title='bbox 1220 2716 1386 2764; x_wconf 82' lang='lat' dir='ltr'><strong>fragmm.</strong></span> <span class='ocrx_word' id='word_1_257' title='bbox 1426 2719 1498 2755; x_wconf 90' lang='lat' dir='ltr'><strong>No.</strong></span> <span class='ocrx_word' id='word_1_258' title='bbox 1536 2720 1592 2763; x_wconf 87' lang='grc'><strong>97,</strong></span> 
     </span>
    </p>
   </div>
   <div class='ocr_carea' id='block_1_6' title="bbox 47 2771 1463 2824">
    <p class='ocr_par' dir='ltr' id='par_1_9' title="bbox 47 2771 1463 2824">
     <span class='ocr_line' id='line_1_36' title="bbox 47 2771 1463 2824; baseline 0.006 -17"><span class='ocrx_word' id='word_1_259' title='bbox 47 2793 52 2797; x_wconf 92' lang='grc'>-</span> <span class='ocrx_word' id='word_1_260' title='bbox 182 2771 349 2820; x_wconf 79' lang='lat' dir='ltr'><strong>(Boeckh</strong></span> <span class='ocrx_word' id='word_1_261' title='bbox 375 2773 430 2809; x_wconf 89' lang='lat' dir='ltr'><strong>ed.</strong></span> <span class='ocrx_word' id='word_1_262' title='bbox 456 2774 489 2818; x_wconf 91' lang='lat' dir='ltr'><strong>I)</strong></span> <span class='ocrx_word' id='word_1_263' title='bbox 515 2775 585 2810; x_wconf 89' lang='lat'><strong>114</strong></span> <span class='ocrx_word' id='word_1_264' title='bbox 609 2778 645 2811; x_wconf 87' lang='lat' dir='ltr'><strong>et</strong></span> <span class='ocrx_word' id='word_1_265' title='bbox 669 2775 749 2814; x_wconf 79' lang='lat'><strong>120.</strong></span> <span class='ocrx_word' id='word_1_266' title='bbox 776 2774 836 2821; x_wconf 82' lang='lat' dir='ltr'><strong>(ap</strong></span> <span class='ocrx_word' id='word_1_267' title='bbox 874 2775 969 2820; x_wconf 86' lang='lat' dir='ltr'><strong>ng.</strong></span> <span class='ocrx_word' id='word_1_268' title='bbox 997 2776 1052 2811; x_wconf 90' lang='lat' dir='ltr'><strong>ed.</strong></span> <span class='ocrx_word' id='word_1_269' title='bbox 1078 2776 1127 2818; x_wconf 91' lang='grc' dir='ltr'><strong>ΙΙ,</strong></span> <span class='ocrx_word' id='word_1_270' title='bbox 1154 2777 1233 2819; x_wconf 89' lang='grc'>109,</span> <span class='ocrx_word' id='word_1_271' title='bbox 1261 2779 1340 2820; x_wconf 83' lang='grc'><strong>102,</strong></span> <span class='ocrx_word' id='word_1_272' title='bbox 1368 2780 1463 2824; x_wconf 87' lang='grc'><strong>107.)</strong></span> 
     </span>
    </p>
   </div>
  </div>
 </body>
</html>
