1855 3214
887 228 942 268 20

205 362 337 406 cionis
368 360 580 403 humanae
612 357 934 402 similitudinem
980 355 1283 401 conformatus.
1346 356 1418 401 Dii
1461 357 1624 411 vivunt,

205 436 352 486 agunt,
397 434 608 485 reguntur
655 429 783 473 simili
829 428 954 472 modo
993 431 1122 482 atque
1161 428 1357 472 homines.
1370 462 1380 482 ,
1431 429 1626 483 potentia

203 507 370 547 tantum
401 516 450 547 ac
480 503 524 545 vi
561 505 605 545 et
635 501 961 544 immortalitate
1010 499 1095 543 illis
1139 503 1240 544 sunt
1271 500 1622 554 praestantiores.

203 575 325 618 Unus
356 575 558 628 Juppiter
590 576 634 616 et
664 573 860 627 potentia
890 575 935 615 et
965 572 1132 615 ratione
1165 574 1334 615 ceteros
1365 575 1544 627 superat
1573 585 1625 616 ac

204 649 383 699 coercet,
416 657 553 699 neque
583 647 730 687 tamen
760 643 805 687 hi
836 643 899 687 1111
931 643 1050 687 litem
1080 654 1251 687 movere
1284 656 1333 688 ac
1354 644 1485 688 reniti
1514 644 1625 688 desi—

206 721 314 761 nunt
353 716 425 773 (cf.
457 716 509 760 ΙΙ.
541 716 634 768 XV,
657 717 925 772 143—219).
979 717 1245 769 Quamquam
1276 728 1361 758 non
1392 719 1458 759 est
1486 729 1627 761 meum

203 789 454 842 religionem
500 787 776 831 Homericam
829 786 958 841 plane
1006 786 1260 841 depingere3
1326 787 1432 831 satis
1488 781 1626 833 habeo

205 860 465 913 ostendisse,
496 858 615 903 illam
647 859 845 912 cuiquam
877 859 930 902 de
961 859 1090 902 rebus
1124 859 1279 902 divinis
1312 859 1454 903 animo
1484 871 1628 904 secum

206 931 426 985 reputanti
455 943 542 973 non
561 930 752 984 potuisse
783 929 992 973 sufficere.
1047 930 1277 973 Enimvero
1301 931 1478 974 Homeri
1508 934 1629 974 aetas

204 1003 289 1047 illis
338 1001 496 1047 fabulis
533 1002 606 1058 pia
646 1004 789 1047 mente
806 1036 816 1055 ,
867 1005 916 1045 ut
963 1002 1087 1046 decet
1126 1002 1344 1047 hominum
1383 999 1630 1059 pueritiam,

206 1075 335 1118 fidem
366 1075 520 1118 tribuit
550 1075 619 1118 vel
648 1074 792 1129 potius
825 1074 878 1117 de
894 1074 1078 1117 veritate
1111 1086 1196 1118 non
1219 1073 1445 1117 dubitavit.
1493 1075 1633 1127 Quum

207 1150 351 1191 autem
381 1159 501 1190 mens
532 1147 731 1200 ratioque
772 1146 962 1189 humana
1000 1145 1238 1200 pubescens
1279 1147 1333 1189 de
1366 1147 1575 1201 religione
1606 1161 1633 1191 a

205 1217 439 1277 majoribus
471 1221 649 1273 accepta
692 1217 968 1272 mirificisque
1016 1217 1174 1261 fabulis
1217 1217 1412 1261 involuta
1443 1218 1633 1272 cogitare

208 1294 339 1344 atque
370 1291 583 1334 rationem
615 1290 698 1333 sibi
737 1292 923 1334 reddere
960 1291 1191 1345 inciperet,
1239 1292 1425 1334 maxime
1455 1290 1634 1350 offendit

204 1365 248 1407 in
278 1362 355 1406 illa
388 1362 703 1418 simplicissima
726 1363 964 1406 divinitatis
997 1363 1168 1407 notione
1201 1375 1381 1417 eamque
1415 1364 1472 1407 ad
1504 1364 1631 1408 casti-

204 1449 323 1479 orem
354 1435 656 1490 purioremque
688 1447 860 1478 sensum
890 1447 1095 1478 revocare
1137 1435 1321 1479 studuit.
1367 1435 1509 1489 Atque
1538 1447 1633 1490 spe-

212 1509 321 1551 ciem
351 1507 569 1561 quandam
601 1506 733 1549 animi
765 1505 1046 1549 deliberantis
1081 1507 1173 1561 Jam
1218 1506 1293 1549 illa
1334 1518 1440 1561 prae
1471 1518 1518 1550 se
1548 1506 1634 1551 fert

212 1579 355 1634 poesis
391 1579 619 1632 Hesiodea,
652 1590 761 1632 quae
795 1578 964 1622 dicitur.
1028 1578 1284 1622 Welckerus
1324 1578 1496 1632 quidem
1529 1578 1574 1635 (1.
1605 1579 1632 1622 l.

205 1663 245 1704 p.
287 1654 343 1693 94
374 1653 459 1707 sq.)
510 1653 642 1704 negat
672 1649 850 1693 Hesiodi
899 1649 1161 1693 carminibus
1204 1650 1346 1693 ideam
1378 1662 1633 1705 progressus

206 1722 260 1766 ab
294 1722 547 1777 imperfecta
577 1725 706 1777 atque
738 1721 963 1765 indefinita
999 1725 1157 1765 natura
1178 1722 1234 1766 ad
1266 1722 1351 1766 tale
1387 1723 1633 1777 quidquam,

208 1795 277 1838 cui
307 1794 414 1837 nihil
462 1795 520 1837 sit
564 1806 644 1848 par
676 1797 807 1848 atque
839 1794 1042 1848 aequale,
1094 1794 1333 1849 subjectam
1371 1807 1486 1838 esse:
1532 1795 1634 1848 „Bei

208 1866 395 1911 naherer
426 1866 725 1920 Betrachtung
752 1866 921 1920 jedoch‚
955 1866 1096 1919 inquit
1125 1866 1210 1919 ille,
1254 1867 1369 1921 zeigt
1399 1866 1501 1919 sich,
1535 1867 1634 1913 dass

209 1939 278 1982 die
309 1949 419 1991 ganz
457 1937 561 1981 rohe
593 1936 834 1991 Erfindung
882 1937 998 1980 eines
1037 1937 1458 1996 Dynastiewechsels
1506 1941 1634 1982 unter

211 2011 294 2054 den
335 2008 519 2052 Gottern
557 2009 647 2053 und
691 2009 769 2052 der
807 2007 1086 2063 Gotterkrieg
1127 2010 1390 2064 keineswegs
1436 2010 1635 2064 gemacht

209 2082 279 2134 ist,
312 2093 385 2124 um
417 2081 550 2125 Ideen
591 2081 701 2125 iiber
731 2079 1028 2135 Weltbildung
1069 2076 1158 2124 und
1207 2081 1440 2125 Weltalter
1480 2093 1632 2125 auszu-

217 2153 422 2206 driicken,
455 2153 643 2196 sondern
683 2165 756 2196 um
786 2152 1004 2196 Personen
1044 2153 1132 2196 und
1173 2152 1506 2208 Vorstellungen
1537 2167 1634 2198 ver-

208 2225 463 2269 schiedener
482 2225 565 2268 Art
596 2237 650 2267 zu
682 2225 820 2267 einem
851 2236 1018 2277 ganzen
1047 2237 1102 2267 zu
1131 2224 1416 2269 vereinbaren
1441 2225 1530 2268 und
1560 2239 1634 2269 zu-

207 2296 330 2352 fallig
382 2296 668 2341 entstandene
716 2296 1052 2351 Widerspriiche
1097 2297 1290 2351 poetisch
1350 2297 1632 2344 aufzuheben.

212 2370 361 2414 Durch
394 2369 487 2413 dies
517 2369 753 2413 fabelhafte
770 2368 1085 2413 willkiihrliche
1106 2369 1388 2425 Verkniipfen
1420 2369 1636 2414 erscheint

210 2442 289 2487 das
322 2442 529 2486 Einzelne
561 2442 689 2486 meist
719 2442 777 2485 im
806 2440 1002 2485 falschen
1033 2441 1159 2486 Licht
1180 2477 1190 2495 ,
1236 2443 1326 2486 und
1368 2442 1470 2487 kein
1500 2455 1634 2487 neuer

211 2515 436 2569 religioser
477 2514 583 2557 oder
634 2513 1000 2569 philosophischer
1031 2513 1134 2556 Sinn
1181 2514 1238 2557 ist
1283 2515 1328 2557 in
1369 2514 1448 2557 das
1486 2514 1633 2560 Ganze

210 2588 356 2644 gelegt
379 2586 594 2630 worden.“
661 2586 720 2629 At
750 2586 786 2629 si
826 2586 967 2630 animo
1006 2585 1287 2640 perpenderis
1323 2587 1454 2631 totius
1485 2588 1633 2633 mundi

210 2663 374 2705 statum
396 2672 422 2702 a
442 2658 665 2714 principiis
690 2658 924 2702 indefinitis
946 2671 973 2701 a
1010 2656 1131 2711 „rudi
1154 2658 1452 2714 indigestaque
1477 2659 1633 2716 mole“,

210 2733 326 2788 quod
357 2732 573 2776 Hesiodus
616 2727 725 2790 χάος
763 2730 976 2785 appellat,
1025 2731 1260 2785 procedere
1307 2732 1363 2775 ad
1407 2744 1632 2778 numerum

218 2809 348 2860 atque
380 2804 576 2848 ordinem
608 2803 823 2859 quendam
842 2838 852 2857 ,
898 2815 1023 2858 quem
1071 2798 1247 2860 κόσμον
1279 2802 1435 2849 Graeci
1450 2809 1631 2860 -vocant,

210 2877 403 2932 illudque
439 2871 548 2935 χάος
579 2889 625 2920 se
657 2876 856 2922 evolvens
891 2889 941 2921 ac
974 2876 1177 2921 dirimens
1198 2888 1277 2931 per
1298 2877 1552 2932 complureS,
1583 2881 1633 2923 ut
