1855 3214
882 172 949 210 59-

203 300 285 363 ἐγυὶ
330 300 519 362 γνώμην
567 297 909 358 εὔιοφαίνομαι,
959 300 1043 343 τοῦ
1076 297 1321 357 δαιμονίου
1353 314 1623 357 παρασκευ-

202 370 391 431 άζοντος
423 371 535 423 ὅκως
565 371 861 432 πανωλεθρίῃ
894 367 1179 430 οἷπολόμενοι
1202 374 1464 428 καταφανὲς
1481 372 1621 415 τοῦτο

201 454 318 492 τοῖσι
362 441 652 504 οἷνθριόποισι
699 439 937 502 ποιήσωσι,
980 439 1038 493 αἶς
1077 444 1170 488 τῶν
1203 437 1421 503 μεγάλων
1459 438 1619 501 eidam]-

195 514 355 577 μάτων
386 513 578 577 μεγάλαι
612 519 696 561 εἶσὶ
727 515 800 559 καὶ
833 518 879 560 αἱ
910 515 1126 573 τιμωρίαι
1159 510 1286 572 napa*
1330 514 1423 559 τῶν
1454 516 1619 564 θεῶνῑῆ

316 591 485 645 Apriae¹
509 602 651 644 porro,
699 588 815 642 regis
846 588 1176 646 Aegyptiorum,
1208 586 1413 642 superbia
1443 588 1620 643 punitur
1650 619 1654 622 ,

203 653 283 720 (ΙΙ,
307 663 431 719 169),
465 663 650 715 itemque
675 659 918 718 Cambyses
950 659 1189 704 facinorum
1219 671 1379 713 poenas
1410 660 1489 709 luit
1521 660 1618 716 (111,

201 738 272 788 29,
306 738 391 788 30„
411 738 478 788 35,
514 737 587 786 64)
622 732 669 776 ‘et
698 732 986 791 Leotychides
1046 731 1138 788 (VI,
1174 731 1248 787 72)
1287 734 1332 790 et
1372 730 1619 793 Cleomenes

195 806 285 864 (VI,
317 805 406 865 84).
468 806 699 849 Persarum
731 808 875 848 autem
906 803 1078 849 cladem
1116 803 1385 847 Herodotum
1416 816 1493 858 pro
1526 793 1617 847 'vin-

197 878 311 922 dicta
337 882 389 922 »et
403 890 540 932 poena
571 876 799 931 superbiae
830 879 874 919 et
890 876 1067 919 deorum
1100 875 1388 929 negligentiae
1403 874 1615 929 habuisse,

191 949 282 1004 jam
312 960 443 1002 supra
484 948 795 993 declaravimus
839 946 899 1005 (p.
935 951 986 990 17
1021 947 1116 1002 sq.)⁴
1157 947 1350 990 -Etenim
1384 948 1476 1002 jam
1506 948 1613 992 adeo

195 1021 238 1063 in
279 1019 488 1063 Herodoti
528 1024 670 1063 mente
705 1018 957 1063 confirmata
994 1022 1090 1062 erat
1139 1018 1373 1071 sententia,
1423 1019 1614 1069 criminis

195 1092 399 1147 cujusque
427 1103 584 1146 poenas
615 1102 706 1134 esse
735 1090 986 1143 solvendas,
1036 1092 1084 1133 ut
1124 1091 1272 1144 utique
1313 1091 1610 1145 investigaret,

193 1162 403 1218 quomodo
435 1168 479 1205 et
508 1175 641 1216 quare
662 1163 862 1219 ,homines
893 1162 1162 1216 punirentur.
1268 1220 1271 1223 Α

308 1233 418 1278 Vide
449 1233 523 1279 IV.
556 1236 638 1278 84:
671 1233 802 1292 „aaut
836 1232 884 1278 δὲ
902 1231 1040 1276 δοκέει
1059 1232 1180 1275 τίσιν
1202 1228 1380 1288 ταύτην
1413 1230 1438 1276 o‘
1455 1234 1607 1283 Klam-

193 1305 338 1364 μένης
370 1300 633 1362 Δημαρήτῳ
654 1307 867 1349 ἐκτῖσαι“.
929 1304 999 1359 (cf.
1031 1304 1106 1358 VI,
1138 1308 1231 1358 ⁴75.)
1275 1308 1320 1349 et
1351 1305 1606 1358 -V11,‚133:

191 1376 246 1431 „6
278 1393 324 1419 τι
356 1376 405 1421 δὲ
435 1383 554 1420 τοῖσι
584 1371 877 1433 Ἀθηναίοισι
912 1375 1063 1421 ταῦτα
1102 1371 1323 1433 ποιήσασι
1360 1373 1469 1426 τούς
1519 1372 1605 1433 κη’-

191 1464 333 1509 ρυκας
362 1443 600 1503 συνήνεικε
632 1444 916 1505 α’νεθέλητον
946 1447 1176 1506 γενέσθαι,
1217 1444 1300 1491 οὐκ
1340 1450 1423 1507 ἔχω
1463 1447 1605 1502 εἶπαι,

188 1515 314 1576 πλην
342 1516 420 1563 ὅτι
453 1518 603 1576 σφέων
633 1536 660 1600 η
695 1515 812 1578 χώρη
860 1522 933 1563 καὶ
977 1536 1004 1575 η
1051 1514 1184 1569 πόλις
1228 1515 1442 1577 ἐδηιώθη.
1491 1515 1604 1565 οἷλλοὶ

189 1590 329 1634 τοῦτο
363 1605 417 1634 ου
454 1588 528 1633 δια
561 1585 737 1646 ταύτην
769 1606 858 1645 την
889 1593 1039 1645 αιτίην
1071 1590 1206 1634 δοκέω
1237 1592 1500 1666 yews'offffou‘.

187 1661 270 1719 (Cf.
306 1662 426 1714 VIII,
463 1664 559 1713 129,
596 1664 693 1714 106,
729 1665 835 1715 109,
867 1662 918 1715 V,
952 1661 1039 1716 56.)

300 1732 507 1786 Exempla
537 1744 703 1787 quoque
726 1733 970 1777 Herodotus
1001 1733 1180 1789 profert,
1211 1733 1365 1787 quibus
1397 1736 1594 1779 concludi

184 1807 337 1859 potest,
369 1804 534 1848 scelera
565 1804 777 1858 quaedam
809 1806 975 1859 expiari
1001 1818 1085 1848 non
1115 1818 1240 1859 posse
1273 1806 1365 1862 (VI,
1391 1808 1472 1860 913
1504 1807 1617 1862 VII,

189 1876 295 1929 137;
328 1875 402 1928 IX,
438 1877 576 1929 120.);
609 1876 692 1918 imo
722 1887 824 1919 vero
856 1876 1027 1922 facinus·
1054 1878 1196 1921 animo
1218 1878 1390 1923 volvere
1421 1883 1487 1923 est
1501 1877 1603 1934 pec—'

184 1946 450 2004 catum'(VI,
484 1948 553 1998 86,
587 1948 609 2003 ξ
645 1947 724 2002 3.);

303 2014 362 2075 ,,ή
406 2017 452 2062 δὲ
498 2017 657 2074 Πυθίη
689 2017 776 2075 ἔφη
818 2013 874 2062 τό
915 2024 1196 2077 πειρηθῆναι
1230 2020 1313 2077 τοῦ
1360 2022 1477 2068 θεοῦ
1525 2023 1597 2067 καὶ

182 2085 237 2134 vo*
271 2090 459 2145 ποιῆσαι
492 2090 591 2134 ἴσον
623 2085 894 2135 δύνασθαι“.
928 2090 1011 2147 (Cf.
1044 2091 1078 2143 I,
1115 2096 1227 2148 159.)

299 2162 446 2216 Neque
486 2162 624 2206 minus
666 2174 827 2216 poenae
877 2162 921 2205 in
969 2166 1162 2217 posteros
1199 2168 1378 2219 serpunt
1430 2166 1484 2223 (Ι,
1518 2171 1596 2220 91;

182 2233 279 2288 vll,
315 2237 428 2288 137).

300 2306 399 2350 Jam
441 2318 542 2350 vero
584 2307 698 2361 apud
739 2306 1006 2350 Herodotum
1050 2308 1123 2351 illa
1172 2320 1338 2362 quoque
1380 2309 1598 2355 invenitur

182 2377 407 2430 sententia,
440 2376 567 2421 deum
596 2376 726 2421 rebus
750 2378 941 2421 adversis
971 2379 1161 2421 homines
1178 2380 1235 2422 ad
1255 2381 1596 2424 moderationem

183 2448 518 2503 modestiamque
534 2449 755 2504 reducere,
788 2450 905 2506 quus
930 2451 1166 2495 sententiae
1183 2454 1302 2495 extat
1322 2451 1431 2496 illud
1447 2464 1595 2507 praec-

182 2520 325 2564 larum
373 2520 522 2564 Croesi
564 2522 824 2576 exemplum,
879 2534 1004 2576 quem
1054 2524 1126 2566 ille
1179 2523 1284 2567 facit
1329 2524 1392 2567 ita
1421 2526 1597 2584 loquen-

181 2595 268 2665 tem
299 2592 352 2650 (Ι,
385 2594 509 2651 207);

238 2668 240 2671 ’
299 2680 382 2718 ,,τα
417 2663 464 2707 δέ
496 2681 578 2762 ,ιιιοι
617 2661 876 2724 παθήματα
917 2663 974 2709 τοὶ
1019 2662 1157 2710 ε’όντα
1200 2663 1396 2726 οἷχαριτα
1433 2667 1598 2727 μαθή-

179 2722 307 2795 ματα
338 2737 535 2796 γέγονε“.

304 2808 389 2853 Sed
422 2810 474 2853 de
515 2822 566 2854 ea
607 2823 655 2855 re
686 2811 906 2866 hactenuS,
944 2811 1166 2862 videamus
1201 2826 1345 2871 porro,
1386 2818 1598 2872 quomodo
