1855 3214
886 176 938 217 51

385 298 508 350 Ζεύς
540 301 853 362 ἑτερορρεπής,
887 306 1042 364 νέμων
1072 302 1254 355 εἰκότως

390 370 526 418 δι’ὃικα
559 378 650 432 μὲν
682 383 848 428 κακοῖς,
882 375 986 422 ὅσια
1018 374 1057 423 δ’
1089 373 1355 436 ἕννόμοις“.

211 444 297 501 (cf.
331 446 482 500 Agam.
515 458 554 490 v.
590 449 716 501 GOsq.
741 450 785 491 et
806 462 844 493 v.
871 452 980 504 3993
1011 451 1130 494 Pers,
1154 463 1192 494 v.
1213 452 1443 503 827—-293
1475 451 1627 504 fragm.

207 516 285 560 No.
321 518 422 569 282,
458 518 556 569 283,
590 520 676 561 284
709 532 776 573 ap.
809 521 957 576 Dind.)

327 587 426 631 Jam
456 599 559 631 vero
591 589 818 633 scelestum
850 591 1064 636 hominem
1095 594 1175 636 etsi
1215 605 1334 636 seras
1373 596 1515 636 certas
1562 597 1627 635 ta-

206 673 304 703 men
324 661 525 714 consequi
543 673 717 716 poenas,
750 661 890 707 elucet
909 675 964 707 ex
994 663 1061 707 his
1092 665 1215 709 locis:
1250 664 1419 723 (Agam.
1453 677 1492 709 v.
1514 667 1625 707 1563

203 735 250 776 et
284 732 415 788 1567)

415 802 600 860 »μίμνει
633 803 681 849 δὲ
712 806 963 863 μίμνοντος
997 810 1047 851 ἐν
1079 802 1236 865 θρόνῳ
1268 803 1381 854 Διός

417 879 593 918 παθεῖν
622 872 708 919 τόν
739 879 942 932 ἔρξαντα.
1006 878 1211 936 θέσμιον
1241 872 1380 936 γάρ“·

204 948 248 989 et
280 945 447 1002 (Suppl.
479 959 519 990 v.
554 949 636 990 732
671 952 715 991 et
748 949 863 1004 733.)

416 1050 427 1061 .
459 1050 471 1065 ‚
507 1049 516 1058 .
551 1015 725 1077 ,,χρο’νῳ
757 1035 829 1062 τοι
861 1020 995 1078 κυρίῳ
1027 1015 1067 1063 τ’
1099 1022 1149 1063 ἐν
1178 1015 1332 1077 ἦμέρᾳ

414 1083 556 1137 θεούς
588 1084 755 1142 α’τίζων
785 1106 855 1139 τις
886 1091 1067 1149 βροτῶν
1099 1085 1228 1134 δώσει
1260 1089 1431 1145 δίκην“.

203 1159 288 1216 (Cf.
321 1160 472 1213 Agam.
505 1173 543 1203 v.
578 1159 758 1215 461sq>1

317 1231 465 1285 Neque
512 1232 625 1274 enim
674 1244 837 1286 poenae
882 1232 1081 1287 precibus
1137 1233 1441 1289 sacrificiisque
1482 1236 1622 1277 averti

200 1305 392 1356 possunt3
453 1313 591 1356 neque
628 1303 762 1346 ullum
812 1308 878 1347 est
928 1304 1144 1348 vindictae
1190 1304 1443 1354 remedium.
1511 1304 1620 1348 Vide

199 1373 351 1428 Agam.
385 1386 423 1417 v.
460 1374 652 1417 69-71:

484 1439 624 1499 „01'1'19’
654 1440 875 1490 ὐποκάων
906 1441 1014 1490 οὔθ’
1043 1442 1305 1505 ’ὑπολείβων

484 1511 674 1573 οἷπύρων
706 1517 837 1573 ἱερῶν

484 1581 622 1645 ὄργας
654 1582 829 1635 α’τενεῖς
862 1587 1189 1645 παραθέλξει“.

201 1662 245 1702 et
275 1659 463 1714 Choeph.
496 1671 535 1702 v.
571 1662 766 1701 71—74:

402 1725 628 1788 -,,θιγο’ντι
662 1725 700 1773 δ’
731 1726 832 1774 οὔτι
866 1730 1109 1789 νυμφικῶν
1140 1729 1334 1774 ἑδωλίων

412 1797 535 1852 ἄκος,
568 1796 706 1858 πόροι
737 1817 787 1842 τε
821 1796 994 1849 πάντες
1025 1804 1071 1843 ἐκ
1102 1802 1214 1858 μιᾶς
1246 1796 1357 1844 ὁδοῦ

409 1870 652 1930 βαίνοντες
683 1867 769 1917 τόν
801 1872 1035 1931 χερομυσῆ

411 1938 560 1998 φόνον
591 1942 894 1998 καθαίροντες
926 1943 1089 1985 ἰοῦσαν
1121 1939 1284 1985 ἄτανιι.

322 2012 407 2070 (Cf.
441 2013 591 2067 Agam.
634 2026 671 2056 v.
705 2012 787 2056 381
823 2024 907 2066 sq.‚
956 2012 1142 2068 Choeph.
1184 2027 1222 2057 v.
1268 2016 1354 2056 520
1392 2024 1457 2065 sq.
1488 2012 1618 2065 ibidq.

200 2097 239 2129 v2
276 2087 362 2129 650
394 2083 476 2140 sq.)

321 2156 516 2200 Mortuos
547 2167 716 2213 quoque
747 2168 905 2211 poenas
937 2155 1146 2200 scelerum
1176 2155 1315 2208 luere,
1356 2155 1447 2210 jam
1487 2167 1618 2210 supra

200 2228 440 2272 monuimus
472 2229 528 2283 (p.
563 2230 648 2279 36).

319 2299 549 2343 Enimvero
580 2301 670 2358 tam
701 2298 881 2343 acerbas
909 2303 1082 2353 tamque
1113 2301 1256 2342 certas
1290 2299 1351 2341 dii
1382 2312 1408 2340 a
1438 2299 1618 2342 nefariis

205 2375 381 2415 sumunt
409 2383 584 2425 poenaS,
615 2373 665 2413 ut
694 2382 765 2414 eos
792 2371 1003 2414 reducant
1033 2370 1089 2413 ad
1121 2369 1375 2413 modestiam
1406 2382 1457 2414 ac
1476 2370 1619 2413 mode-

202 2443 415 2487 rationem
445 2446 491 2486 et
520 2444 685 2485 ceteros
715 2441 963 2485 criminibus
987 2441 1304 2495 sceleribusque
1322 2441 1619 2495 absterreant3

201 2517 269 2559 est
298 2513 431 2568 igitur
461 2525 598 2568 poena
640 2524 729 2556 non
755 2525 877 2557 mera
916 2513 1053 2557 solum
1095 2502 1300 2566 vindicta,
1337 2513 1414 2556 sed
1452 2516 1621 2567 spectat

203 2587 335 2630 etiam
365 2584 422 2628 ad
452 2585 566 2628 vitae
607 2597 856 2638 morumque
903 2584 1261 2629 emendationem.
1324 2584 1434 2628 Vide
1461 2584 1617 2639 ,Agam.

199 2660 394 2703 v.-250:.

207 2730 354 2784 ,-,Λι’κα
394 2726 442 2772 δὲ
493 2733 607 2777 «ιόἴςε
637 2729 727 2785 μὲν
776 2728 1015 2771 παθοῦσιν
1060 2732 1240 2784 μαθεῖν
1288 2726 1523 2783 ἐπιρρέπει
1564 2723 1619 2770 τό

1195 2797 1405 2856 μέλλον“.
