1855 3214
882 246 935 284 62

207 372 352 414 diruta
383 373 582 425 vidisset,
631 385 713 415 non
757 374 898 426 potuit
928 373 1116 427 effugere
1168 373 1220 428 (I,
1263 374 1320 427 5).
1382 372 1491 414 Jam‘
1520 385 1621 416 vero

203 456 253 487 ex
287 457 338 487 ea
371 444 585 488 sententia
616 444 812 498 procedit
852 443 960 488 illud
991 456 1158 500 quoque
1189 442 1622 497 Herodoteum,··ho-

200 515 362 558 minum
401 519 561 559 sortem
604 528 688 558 non
732 517 793 558 ita
835 529 927 559 esse
967 517 1267 568 constitutam,
1319 519 1368 558 ut
1398 515 1622 569 quisquam

200 587 395 630 mortalis
432 587 559 642 plane
602 587 756 631 beatus
795 599 887 631 esse
927 589 1081 643 possit,
1127 588 1201 632 sed
1242 591 1291 630 ut
1321 587 1361 631 ei
1391 587 1479 631 sint
1508 585 1624 631 bona

202 669 298 702 cum
348 659 471 702 malis
509 660 758 712 commixta,
808 672 936 714 porro
978 661 1109 703 etiam
1157 660 1284 712 illud,
1335 660 1449 713 quod
1485 662 1620 713 putet,

200 730 428 773 hamanam
488 731 620 774 vitam
682 735 770 775 tam
819 744 911 775 esse
958 732 1156 785 fragilem
1218 735 1346 785 atque
1385 732 1620 784 caducam,

203 806 252 845 ut
293 814 408 846 mors
451 803 566 847 vitae
611 804 668 847 sit
714 803 1001 858 praeferenda
1054 804 1104 858 (Ι,
1140 807 1216 857 31;
1248 800 1345 856 VH,
1379 807 1449 856 46,
1502 802 1620 859 203).

206 874 315 918 Sunt
346 875 479 928 igitur
509 875 591 919 hae
608 878 802 919 veterum
834 877 1073 920 sententiae
1090 889 1142 920 ex
1164 876 1447 920 humanarum
1476 883 1623 918 rerum

202 945 561 1000 contemplatione
591 940 825 1001 profectae,
866 949 939 1000 qui
970 949 1084 990 vitae
1116 948 1406 1000 fortunaeque
1448 959 1624 990 casuum

199 1030 372 1061 causam
403 1019 686 1073 principalem
717 1022 998 1073 quaerentes,
1031 1030 1161 1073 quum
1200 1022 1244 1063 et
1275 1018 1410 1063 bonos
1444 1017 1622 1073 probos-

205 1101 286 1142 que
331 1091 457 1133 malis
504 1090 628 1134 obrui
672 1091 1084 1143 animadverterent,
1139 1090 1261 1133 illum
1303 1086 1490 1145 φθόνον
1540 1090 1619 1133 deo

200 1161 506 1205 attribuerunt.
558 1162 788 1205 Enimvero
810 1167 978 1206 veteres
1008 1166 1186 1217 praeter
1206 1161 1478 1216 philosophos
1495 1161 1618 1205 attri-

197 1231 395 1276 butiones
438 1233 677 1277 divinitatis
718 1247 802 1277 non
845 1247 867 1277 e
900 1234 1071 1277 notione
1122 1246 1148 1277 a
1178 1234 1313 1288 priori
1359 1233 1623 1287 cogitatione

196 1308 403 1359 percepta
434 1305 511 1349 sed
543 1318 566 1349 e
599 1306 804 1350 diuturna
835 1306 1133 1349 observatione
1170 1305 1454 1358 deducebant,
1485 1305 1620 1359 quare

197 1376 319 1420 illum
367 1374 555 1434 φθόνον
595 1382 644 1421 ut
685 1378 911 1421 divinitate
960 1378 1182 1432 indignum
1233 1389 1317 1420 non
1368 1388 1617 1431 cognovere.

199 1448 307 1490 Eam
343 1452 488 1492 autem
521 1450 691 1493 divinae
723 1451 909 1493 invidiae
943 1450 1186 1504 opinionem
1207 1450 1336 1492 etiam
1367 1453 1466 1503 post
1483 1449 1620 1493 Hero-

201 1519 348 1563 dotum
385 1519 592 1575 valuisse,
641 1521 678 1565 si
718 1520 827 1564 illud
867 1521 1083 1565 Platonis:
1130 1520 1336 1578 (Phaede,
1376 1533 1416 1575 p.
1454 1524 1537 1565 247
1572 1521 1616 1576 a)

197 1589 250 1644 „o‘
285 1588 469 1648 φθόνος
500 1591 576 1642 ἔξω
610 1594 695 1636 τοῦ
728 1598 862 1636 θείου
896 1589 1035 1652 χόρου
1068 1594 1278 1635 ἴστα-ται“
1314 1592 1493 1645 legeris,
1536 1605 1620 1636 non

194 1664 297 1718 jam,
329 1667 448 1718 puto,
480 1663 671 1718 negabis.
732 1664 1001 1708 Herodotum
1040 1664 1193 1718 igitur,
1239 1664 1312 1722 qui
1352 1665 1484 1708 nimia
1516 1677 1619 1722 qua-

198 1734 295 1777 dam
314 1746 419 1788 erga
441 1736 543 1779 deos
558 1737 719 1790 pietate
737 1740 781 1779 et
796 1736 979 1779 fortasse
997 1749 1075 1778 sua
1097 1736 1240 1778 indole
1257 1736 1619 1789 impediretur,⁷⁹)

198 1807 424 1860 quominus
456 1820 528 1851 res
562 1807 728 1851 divinas
760 1807 929 1851 ratione
962 1819 1011 1851 ac
1042 1807 1111 1850 via
1129 1806 1439 1862 specularetur,
1472 1807 1619 1861 vulga-

197 1882 286 1920 tam
318 1879 505 1922 invidiae
540 1879 711 1923 divinae
743 1880 983 1934 opinionem
1015 1878 1239 1932 habuisse,
1280 1879 1384 1922 mihi
1425 1883 1491 1923 est
1521 1892 1624 1934 per-·

196 1961 381 1994 suasum.
394 1951 448 2006 ⁸⁰)

315 2023 465 2082 Neque
498 2023 722 2078 quisquam
757 2024 848 2078 Jam
887 2023 1138 2076 mirabitur,
1193 2023 1308 2078 apud
1353 2023 1621 2067 Herodotum

197 2095 282 2137 vim
314 2096 504 2139 divinam
534 2095 736 2148 inveniri,
782 2108 892 2149 quae
934 2096 1065 2139 etiam
1106 2095 1318 2139 insontem
1360 2095 1405 2138 in
1443 2098 1621 2149 peccata

194 2166 357 2209 illiciat.
419 2167 514 2210 Non
563 2168 696 2221 urgeo
737 2167 845 2210 illud
876 2168 1028 2210 somnii
1059 2167 1210 2220 visum,
1250 2178 1332 2220 quo
1364 2167 1531 2210 Xerxes
1560 2167 1618 2210 ad

195 2238 355 2282 bellum
386 2237 565 2284 Graecis
596 2238 867 2283 inferendum
898 2242 1132 2283 commotus
1164 2243 1253 2293 est,
1291 2251 1428 2297 quum
1468 2241 1620 2283 contra

196 2311 280 2354 dici
312 2312 471 2365 possit,
513 2311 619 2354 illud
651 2312 863 2355 somnium
894 2312 933 2354 ei
964 2313 1155 2365 venisse,
1198 2324 1281 2369 quo
1313 2312 1438 2355 citius
1469 2317 1618 2366 super-

197 2382 293 2427 biae
325 2383 577 2441 gloriaeque
610 2384 858 2439 cupiditatis
889 2396 1049 2439 poenas
1081 2384 1222 2428 lueret
1253 2383 1389 2437 (VIII,
1413 2387 1438 2427 8
1470 2384 1542 2440 §3
1575 2387 1621 2426 et

196 2467 230 2497 e.
269 2459 317 2497 11
355 2459 398 2498 et
429 2468 462 2499 c.
502 2460 568 2509 16,
603 2457 626 2512 ξ
661 2457 724 2512 2),
768 2468 906 2514 neque
939 2456 1169 2508 somnium,
1210 2455 1324 2513 quod
1358 2454 1618 2513 Cambysem

198 2526 254 2568 ad
287 2525 436 2570 fratris
476 2540 620 2571 necem
662 2528 867 2571 excitavit
919 2527 1016 2584 (III,
1052 2528 1139 2582 30),
1193 2527 1268 2570 sed
1301 2530 1444 2571 exstat
1488 2526 1619 2580 locus,

295 2720 344 2766 n)
367 2721 453 2757 Vid.
481 2721 547 2763 IX,
575 2719 638 2757 65:
665 2718 797 2762 ,δοκέω
824 2717 861 2754 δὲ
888 2719 923 2753 εἴ
942 2732 978 2753 τι
1003 2723 1081 2763 περὶ
1106 2719 1218 2754 θείων
1242 2717 1456 2765 πρηγμάτων
1487 2716 1622 2755 δοκέειν

194 2781 283 2825 ὃεῖ“,
310 2781 358 2820 cf.
384 2781 530 2819 Dahlm.
555 2781 578 2817 l.
604 2780 690 2827 1.'p.
717 2779 773 2815 66.

298 2840 344 2887 ⁸⁰)
370 2842 460 2877 Vidi
482 2842 681 2877 Baehrium
706 2841 763 2877 ad.
788 2839 822 2873 h.
849 2838 871 2873 1.
897 2841 934 2873 et
957 2838 1073 2881 v.1v,
1099 2850 1135 2885 p.
1159 2837 1290 2884 452sq.
1337 2837 1542 2884 Naegelsb.
1560 2837 1584 2873 1.
1597 2837 1623 2875 1«.
1777 2867 1779 2869 .

202 2914 238 2950 p.
264 2902 322 2940 49.
372 2901 517 2939 Dahlm.
543 2900 566 2940 l.
590 2900 613 2937 l.
639 2913 675 2949 p.
705 2899 782 2937 178.
832 2897 1083 2942 Hoffmeister‚
1107 2898 1132 2935 l.
1156 2897 1181 2936 l.
1206 2909 1242 2945 p.
1262 2896 1395 2944 254sq.
