1855 3214
900 267 955 310 32

216 394 389 449 quidam
434 396 595 450 mundi,
647 397 721 450 qui
772 395 944 441 excidat
981 400 1135 452 poetae
1174 397 1227 441 de
1260 396 1339 440 deo
1365 400 1651 440 ³³extramun--

218 466 329 510 dano
358 479 467 511 non
516 467 744 522 cogitanti,
790 480 945 524 neque
1007 470 1119 513 enim
1169 468 1408 528 Aeschylus
1446 478 1451 488 ··
1463 471 1529 513 est
1562 468 1653 522 (113411

215 539 289 593 qui
350 543 455 593 agat
515 539 814 595 philosophiae
876 541 1305 597 quaestuinculas,⁶³)
1374 541 1451 584 sed
1509 539 1647 594 potis-·

215 611 429 654 tissimum
469 611 727 666 religionem
760 626 786 653 a
817 613 1050 668 majoribus
1095 616 1317 668 acceptam
1362 623 1538 666 eamque
1582 609 1640 654 ad

216 683 434 727 rationem
461 683 553 737 jam
600 684 873 729 emendatam
920 685 1083 729 civibus
1128 686 1305 739 'injicere
1352 680 1542 727 studuit(
1594 681 1641 726 Si

221 754 354 808 igitur
387 754 498 798 illud
520 755 680 800 dictum
712 761 778 800 est
792 757 1091 813 Aeschyleum,
1121 757 1296 800 minime
1326 755 1399 800 ille
1415 754 1639 808 intellexit,

217 830 334 881 puto,
360 827 454 870 -vim
487 827 718 883 ejusdem,·
737 829 794 873 ad
819 841 949 883 quam
978 834 1152 874 nostrae
1195 828 1352 873 aetatis
1383 829 1641 882 interpretes

215 898 325 941 illud
356 898 543 942 relatum
559 900 721 944 volunt.
785 900 879 944 Nisi
908 900 1019 946 forte
1046 901 1126 945 tibi
1145 901 1284 956 magis
1314 898 1504 956 placebit
1523 898 1640 943 -haec

214 970 532 1026 interpretatio.
559 985 645 1027 qua
676 968 838 1027 „voivd'
869 969 1151 1031 ὑπέρτερον“
1173 974 1333 1017 ‘mundi
1358 973 1505 1017 etiam
1538 963 1638 1026 parss

216 1045 304 1086 tem
352 1055 532 1098 eamque
586 1056 798 1088 summam
849 1043 1091 1099 significare
1136 1046 1300 1100 possit,
1333 1047 1396 1088 ‚ut
1438 1043 1655 1098 Juppiter

215 1119 422 1170 tanquam
445 1117 598 1161 omnia
630 1118 852 1162 continens
882 1121 1014 1172 atque
1045 1118 1329 1172 complectens
1360 1118 1418 1160 sit
1449 1117 1654 1169 cogitam-

216 1188 316 1241 dus;
365 1200 475 1243 quae
507 1190 723 1234 sententia
755 1193 823 1233 est
854 1202 958 1233 sane
990 1190 1120 1243 meri,
1168 1194 1233 1233 ut—
1254 1189 1318 1233 ita
1349 1189 1500 1242 dicam,
1519 1201 1639 1243 -pan-

213 1260 398 1315 theismi,
431 1272 600 1315 quone
632 1262 768 1306 omnis
799 1263 970 1306 omnino
1004 1262 1074 1306 dei
1104 1263 1221 1306 notio
1253 1265 1302 1305 ut
1330 1260 1656 1316 personaesui-

213 1334 414 1377 consciae
446 1337 491 1376 et
521 1334 699 1388 spiritus
731 1347 757 1377 a
796 1335 980 1378 materia
1012 1333 1194 1388 seJ'uncti
1230 1333 1431 1386 tollatur,
1479 1333 1651 1375 timon—-

216 1404 318 1449 dum
348 1407 428 1450 est.
494 1404 697 1450 Ceterum
738 1409 812 1449 est·
842 1406 948 1451 haec
987 1405 1183 1450 solitaria
1221 1405 1426 1464 Aeschyli
1468 1407 1658 1449 30111011-Δ

215 1478 290 1532 tia,
324 1490 474 1533 quam,
507 1490 637 1534 quum
667 1478 840 1522 minime
871 1479 916 1522 in
946 1491 1102 1534 purum
1134 1477 1382 1532 theismum,
1424 1477 1498 1532 qui
1520 1476 1638 1521 *alias

210 1551 373 1604 passim
405 1550 522 1606 apud
553 1564 652 1595 eum
683 1551 917 1604 invenitur,
974 1551 1179 1605 quadret,
1230 1554 1307 1595 aut
1331 1549 1485 1604 juveni
1505 1549 1657 1594 ‘attri-‘

208 1621 342 1667 buere
374 1626 451 1667 aut
482 1623 676 1677 spuriam
707 1622 871 1667 habere
903 1623 1062 1667 malim.

326 1694 421 1740 Sed
456 1695 511 1739 de
545 1694 665 1739 Jovis
697 1699 855 1739 natura
894 1708 945 1740 ac
984 1696 1178 1750 potentia
1215 1695 1331 1739 infra
1363 1695 1636 1747 disseremus,

213 1766 292 1810 hoc
325 1767 416 1811 loco
451 1766 497 1809 id
528 1769 698 1810 tantum
730 1768 909 1823 agimus,
952 1770 1014 1821 ut,
1058 1766 1268 1821 quomodo
1299 1765 1540 1822 Aeschylea
1571 1776 1639 1809 re·
1652 1792 1654 1794 ·

214 1838 316 1895 ligio
348 1842 504 1895 vergat
534 1839 580 1883 in
611 1839 980 1894 monotheismum,
1013 1844 1114 1885 ante
1146 1839 1293 1884 oculos
1323 1852 1542 1894 ponamus
1583 1853 1585 1859 ⁴

339 1911 440 1955 Jam
485 1922 618 1954 vero
635 1912 752 1965 apud
800 1911 1097 1955 Herodotum·
1115 1922 1281 1967 quoque
1329 1911 1656 1970 polytheismus

214 1983 401 2039 speciem
432 1984 647 2039 quendam
672 1996 779 2039 prae
808 1997 854 2028 se
886 1984 973 2029 fert
998 1984 1308 2029 monotheismi.
1360 1984 1497 2039 Saepe
1529 1982 1643 2027 enim

213 2067 346 2110 quum
377 2056 486 2100 alias
518 2068 588 2100 res
624 2060 716 2100 tum
747 2068 799 2100 ea
830 2060 1058 2111 momenta,
1091 2057 1136 2100 in
1167 2055 1321 2111 quibus
1352 2056 1537 2100 maxime
1566 2065 1640 2109 po-

213 2128 321 2172 situs
351 2132 419 2173 est
451 2141 601 2174 rerum
640 2133 841 2183 eventus,
893 2133 1070 2175 revocat
1105 2129 1163 2173 ad
1199 2141 1447 2184 supremum
1486 2138 1644 2171 numen

215 2186 423 2255 divinum,
450 2201 565 2256 quod
596 2201 662 2245 his
695 2200 891 2246 vocibus:
929 2200 1012 2258 „vo‘
1045 2207 1200 2257 θεῖον,
1233 2199 1287 2245 τό
1307 2196 1576 2259 δαιμόνιον,
1616 2193 1643 2242 0‘

216 2269 343 2328 θεός,
376 2270 518 2323 aad&
555 2273 800 2329 significare
840 2273 963 2319 solet.
1026 2276 1117 2328 Quo
1151 2275 1301 2319 eodem
1332 2285 1460 2318 sensu
1497 2282 1642 2316 nume-

212 2357 309 2389 rum
348 2356 515 2400 quoque
554 2347 768 2401 pluralem
807 2371 865 2378 —-
913 2345 1037 2402 θεοί,
1077 2349 1119 2390 οἱ
1162 2347 1266 2390 θεοί
1306 2371 1361 2378 -
1407 2344 1661 2400 usurpavit,

214 2421 265 2475 ut
279 2417 395 2462 idem
413 2418 597 2463 sensisse
615 2419 787 2474 linguae
805 2422 974 2464 tantum
990 2431 1071 2463 usu
1091 2422 1323 2463 commotus
1347 2418 1409 2462 ita
1439 2417 1645 2475 loquutus

213 2502 307 2535 esse
339 2491 555 2536 videatur.
619 2492 705 2536 Sed
728 2493 819 2536 ‘nisi
865 2493 1091 2536 molestum
1124 2496 1210 2546 est,
1250 2492 1311 2536 ad
1340 2491 1420 2535 hoc
1452 2501 1642 2544 compro·

212 2561 405 2607 bandum
428 2563 551 2608 -locos
583 2564 773 2619 singulos
807 2563 986 2609 afferam
1018 2568 1062 2608 et
1092 2562 1365 2617 enumerabo,
1397 2566 1447 2607 ut
1478 2562 1643 2617 quoties

212 2635 372 2690 plurali
388 2648 579 2689 numero,
613 2636 778 2691 quoties
810 2624 1027 2691 singulari
1042 2636 1288 2681 Herodotus
1312 2636 1365 2680 de
1398 2635 1540 2679 divino
1571 2632 1649 2676 illo

311 2813 358 2862 ⁶⁸)
383 2814 640 2863 Anaxagoras,
668 2815 731 2862 qui
747 2817 886 2862 primus
900 2814 1059 2852 Athenis
1085 2814 1354 2863 'philosophiam
1376 2813 1546 2856 instituit,
1570 2814 1658 2850 non'

223 2879 309 2912 ante
335 2875 395 2913 01.
423 2877 468 2912 75
491 2877 660 2913 Athenas
686 2877 797 2919 venit,
838 2880 875 2911 et
898 2877 959 2912 vix
985 2879 1043 2912 est
1062 2875 1289 2912 eredendum
1312 2873 1539 2920 Aeschylum
1564 2873 1644 2920 jam

221 2940 343 2974 aetate
368 2938 637 2985 provectiorem
663 2948 745 2974 eum
771 2937 932 2975 audisse.
984 2937 1041 2975 cf.
1066 2936 1226 2975 Brandis
1252 2936 1275 2972 l.
1302 2936 1325 2974 l.
1351 2935 1380 2980 I,
1406 2946 1443 2983 p.
1457 2934 1594 2984 233sq.
