1855 3214
910 217 965 255 54

231 339 420 399 οἷποὶτην
452 344 578 388 θεῶν
608 345 885 400 interpretati
916 357 1087 399 sumus;
1134 347 1201 388 est
1236 343 1382 386 odium
1414 356 1471 387 ex
1501 344 1654 387 Persa-
1689 355 1691 358 ·

227 427 324 458 rum
355 415 561 470 superbia
591 418 635 459 et
666 416 887 487 impietate
917 419 1182 470 conceptum

348 498 579 542 Enimvero
611 499 672 541 dii
702 482 849 553 probis
880 499 1013 552 bona,
1045 498 1161 541 mala
1191 496 1368 541 nefariis
1400 497 1655 553 impertiunt

230 579 369 622 neque
399 569 474 622 illi,
517 569 590 623 qui
616 570 733 624 juste
764 569 1040 624 modesteque
1072 570 1197 621 vivit,
1242 569 1411 612 etiamsi
1442 572 1508 613 est
1538 568 1654 623 felix,

228 639 442 683 invident:
475 640 613 693 (Pers.
647 653 686 685 v.
722 643 824 696 772)
1520 677 1524 682 .

283 717 425 775 „stede
456 720 542 782 γοῖρ
575 718 657 768 οὐκ
688 721 912 783 ἤχθηρεν,
947 720 1005 773 ὥς
1036 720 1218 780 εὔφρων
1251 726 1366 779 έ’φυ“
1401 724 1604 781 (Κῦρος).
1681 775 1694 790 .

347 794 503 838 Restat
518 794 716 849 denique,
747 800 797 838 ut
828 795 880 839 de
913 794 1049 839 libero
1082 795 1300 838 hominum
1335 795 1516 839 arbitrio
1540 796 1655 850 apud

228 865 487 919 Aeschylum
520 877 711 919 agamus.
772 866 956 909 Etiamsi
989 866 1081 920 jam
1131 878 1182 909 ex
1214 859 1365 909 severa
1396 878 1534 920 poena
1564 867 1655 910 vin-

231 936 449 990 dictaque,
499 948 609 990 quae
659 950 685 980 a
730 937 922 981 scelestis
961 937 1203 981 hominibus
1243 937 1450 991 exigitur,
1503 938 1654 991 elucet,

223 1010 450 1061 peccatum
482 1020 505 1051 e
538 1007 706 1052 nefaria
740 1008 977 1052 voluntatis
1009 1009 1226 1063 pravitate
1260 1008 1485 1063 proficisci,
1518 1021 1655 1063 neque

228 1082 375 1122 tamen
406 1082 473 1123 est
502 1091 882 1133 supervacaneum,
914 1091 1001 1132 eos,
1033 1079 1188 1133 quibus
1222 1080 1383 1123 diserte
1417 1080 1654 1136 Aeschylus

228 1149 282 1192 de
323 1148 461 1193 libero
506 1154 611 1204 agat
660 1149 863 1204 arbitrio,
910 1149 1043 1194 affere
1090 1151 1222 1194 locos:
1288 1150 1399 1194 Vide
1447 1150 1570 1194 Eum.
1614 1164 1652 1194 v.

230 1224 316 1263 550
330 1246 359 1251 »-
380 1224 489 1265 553:

229 1299 380 1355 „enw'w
412 1298 451 1346 δ’
482 1298 685 1363 α’νιίγκας
717 1302 825 1361 ἄτερ
858 1303 1032 1353 δίκαιος
1064 1301 1125 1348 ὥν
1159 1299 1239 1348 ov’u
1275 1302 1472 1363 ἄνολβος
1512 1308 1653 1356 ἔσται,

231 1369 534 1431 πανώλεθρος
566 1371 605 1418 δ’
636 1372 801 1419 οὔποτ’
830 1372 888 1419 ἄν
918 1375 1146 1440 γένοιτο“.

305 1513 308 1517 ⁴
347 1457 468 1501 Inest
499 1459 633 1512 igitur
663 1460 708 1502 in
737 1459 909 1510 homine
929 1458 1129 1509 facultas,
1162 1461 1211 1500 ut
1235 1461 1353 1510 juste
1384 1459 1523 1519 vivat3
1557 1460 1654 1520 ⁴imo

231 1539 334 1571 vero
365 1532 594 1573 aversatur
616 1529 753 1585 ‘poeta
784 1529 1055 1583 opinionem,
1102 1541 1154 1571 ex
1198 1528 1360 1572 divitiis
1398 1516 1503 1591 ipsis
1533 1519 1654 1588 gigni

225 1600 482 1653 perniciem,
531 1612 642 1655 quae
674 1604 741 1645 est
778 1601 893 1655 apud
940 1613 1038 1643 eum
1074 1611 1212 1654 poena
1246 1599 1551 1655 flagitiorum„
1576 1602 1667 1655 sed¹¹

226 1674 464 1724 peecatum,
498 1671 574 1725 ait,
606 1683 838 1726 procreare
869 1675 1062 1726 peccata,
1095 1682 1274 1725 quorum
1302 1670 1459 1716 afferat
1473 1671 1652 1733 «Iustitia

224 1742 481 1785 vindictam:
516 1743 689 1799 (Agam‚
723 1746 860 1787 750-—
874 1744 978 1798 760)
1470 1735 1473 1737 ’

284 1826 609 1882 ,παλαίφατος
641 1820 681 1871 δ’
711 1829 762 1872 ἐν
792 1827 978 1884 βροτοῖς
1009 1825 1152 1884 γέρων
1184 1821 1317 1884 λόγος

287 1896 519 1948 τέτυκται,
548 1898 693 1955 μέγαν
725 1897 1003 1941 τελεσθέντα
1039 1893 1192 1953 φωτός
1225 1893 1367 1955 ὄλβον

282 1967 565 2012 τεκνοῦσθαι
592 1963 698 2026 μηδ’
728 1963 905 2012 δίπαιδα
938 1963 1176 2025 θνήσκειν,

284 2041 331 2083 ἐκ
363 2033 403 2083 δ’
435 2034 620 2099 α’γαθᾶς
651 2038 796 2100 τύχας
827 2040 947 2099 γένει

282 2107 565 2169 βλαστάνειν
597 2106 847 2168 α’κόρεστον
877 2107 1018 2166 οἰζύν.

287 2181 390 2241 δίχα
425 2177 464 2226 ‹5'
496 2179 647 2228 ἄλλων
678 2180 932 2241 μονόφρων
963 2182 1069 2241 εἰμί.
1101 2179 1157 2226 τό
1177 2181 1393 2239 δυσσεβὲς
1413 2176 1499 2240 γοῖρ
1520 2182 1654 2241 ἔργον

286 2249 409 2311 ,aad
441 2257 532 2312 μὲν
565 2254 756 2298 πλείονα
789 2253 944 2306 τίκτει,
980 2253 1175 2311 σφετέρᾳ
1208 2247 1247 2297 δ’
1279 2249 1433 2297 εἰκότα
1471 2252 1653 2310 γέννᾳ“.

346 2337 562 2392 Superbia
592 2349 708 2392 vere,
740 2337 836 2382 fons
866 2340 1153 2393 peccatorum,
1186 2341 1367 2381 vocatur
1394 2337 1438 2380 in
1459 2337 1561 2388 deos
1577 2337 1654 2381 im-

222 2409 398 2464 pietatis
429 2408 540 2453 filia:
575 2409 716 2465 (Eum.
750 2411 867 2465 552.)

410 2478 681 2538 ,δυσσεβίας
713 2483 804 2537 μὲν
836 2478 969 2539 ὕβρις
1001 2479 1130 2528 τέκος
1164 2475 1221 2528 ὥς
1254 2475 1474 2536 §vemas-‘⁶

226 2564 310 2606 quo
342 2564 470 2595 sensu
504 2551 635 2594 etiam
674 2551 915 2595 moderatio
932 2584 942 2604 ‚
989 2563 1075 2605 qua
1121 2564 1200 2595 sua
1240 2550 1419 2605 quisque
1457 2552 1574 2594 sorte
1603 2562 1654 2593 ac

228 2623 478 2668 condicione
512 2626 739 2667 contentus
770 2626 911 2667 certos
942 2625 986 2666 et
1016 2636 1043 2666 a
1082 2627 1240 2666 natura
1281 2622 1536 2666 constitutos
1566 2624 1653 2667 ter-

226 2696 364 2738 minos
397 2708 481 2739 non
516 2694 780 2747 egrediatur,
815 2694 972 2738 donum
1003 2694 1249 2738 nominatur
1271 2693 1463 2747 deorum,
1495 2693 1653 2751 quippe

227 2778 338 2821 quae
370 2779 423 2810 ex
454 2766 527 2821 pia
557 2768 730 2810 emanet
760 2769 903 2810 mente
932 2766 1101 2822 (Agam‚
1134 2778 1171 2809 v.
1208 2768 1293 2810 927
1325 2765 1408 2810 vid.
1444 2778 1485 2820 p.
1521 2764 1610 2820 52).

344 2837 557 2894 Superbia
588 2849 690 2882 vero
721 2837 861 2892 gignit
892 2836 1154 2893 superbiam,
1185 2837 1231 2882 id
1262 2840 1329 2882 est
1359 2836 1544 2894 superbe
1558 2835 1648 2882 fac-
