1855 3214
243 706 395 789 Natus
438 757 529 789 sum
575 743 602 790 J
604 758 761 790 oannes
792 745 889 791 Kitt
926 741 1213 799 Guttstadiae,
1258 743 1302 787 in
1339 740 1496 798 oppido
1538 736 1649 785 Var-

243 816 406 867 miensi‚
445 817 484 860 d,
525 818 667 862 XXIV
699 818 921 863 Decembr.
958 831 997 862 a.
1034 815 1382 861 MDCCGXLIII
1419 818 1543 869 patre
1577 814 1606 857 J
1609 827 1654 856 o-

245 888 388 943 sepho,
438 892 576 934 matre
616 890 729 934 Rosa
768 903 790 934 e
832 886 959 946 g‘ente
989 889 1130 944 Hipel,
1183 899 1287 946 quos
1325 886 1465 931 adhuc
1505 886 1651 930 vivere

242 961 420 1014 gaudeo.
482 961 631 1006 Fidem
671 963 906 1017 amplector
938 961 1216 1006 Catholicam.
1280 959 1438 1003 Primis
1481 958 1651 1003 littera-

242 1044 337 1075 rum
367 1033 586 1077 elementis
617 1034 730 1077 domi
760 1031 993 1092 instructus
1023 1045 1102 1088 per
1133 1046 1208 1077 sex
1247 1044 1380 1076 annos
1412 1043 1548 1086 usque
1595 1031 1654 1088 ad

246 1116 404 1148 annum
447 1106 602 1149 aetatis
640 1105 741 1148 XXI
785 1105 1053 1160 frequentavi
1099 1104 1372 1163 gymnasium
1411 1103 1654 1147 Brunsber—

243 1185 385 1237 gehnse,
426 1177 538 1231 quod
576 1177 817 1222 etiamnunc
856 1178 938 1222 viri
977 1177 1043 1220 Ill.
1083 1177 1232 1221 Braun
1274 1176 1475 1231 auspiciis
1517 1174 1656 1219 floret.

243 1239 368 1291 Unde
399 1239 685 1292 testimonium
715 1248 977 1293 maturitatis
992 1247 995 1253 '
1009 1248 1200 1303 adeptus
1221 1249 1332 1292 hanc
1360 1247 1480 1302 petii'
1498 1246 1657 1291 almam

243 1310 496 1364 Viadrinam
527 1312 571 1364 et
589 1313 714 1376 'apud
733 1308 1057 1377 ‘amplissimum'
1083 1318 1432 1376 philosophorum
1462 1317 1657 1363 ordinem

244 1391 411 1440 nomine
443 1392 540 1436 dato
572 1405 649 1447 per
680 1394 763 1437 VII
793 1394 1015 1437 semestria
1039 1392 1217 1437 interfui
1259 1390 1414 1437 scholis
1450 1391 1518 1436 111.
1544 1393 1657 1436 viro-

243 1475 358 1507 rum:
390 1464 547 1519 Haase,
581 1464 728 1519 Hertz,
768 1465 999 1519 Rossbach,
1039 1465 1257 1519 Elvenich,
1298 1464 1492 1520 Braniss,
1552 1464 1657 1509 Ber-

156 1590 157 1593 *
245 1535 373 1585 naiss,
422 1533 741 1590 Reifferscheid,
786 1537 1023 1591 Neumann,
1071 1537 1264 1592 Oginski,
1313 1537 1468 1591 quibus
1498 1537 1658 1591 optime

246 1606 299 1649 de
331 1619 398 1650 me
428 1609 596 1652 meritis
627 1608 790 1661 gratias
822 1620 903 1663 ago
934 1621 1041 1663 quas
1080 1620 1252 1684 possum
1293 1609 1516 1664 maximas,
1556 1620 1657 1664 quo-

245 1687 341 1727 rum
371 1680 591 1725 recordari
622 1674 838 1735 nunquam
871 1680 1073 1725 desinam.
