1855 3214
839 238 891 279 14

282 366 378 408 Jam
413 370 588 420 praeter
617 366 845 411 Graeciam
906 370 1020 411 totus
1050 367 1166 412 orbis
1204 372 1421 414 terrarum
1459 371 1576 416 venit

157 439 201 480 in
242 437 472 481 Persarum
503 442 773 493 potestatem,
808 440 899 495 Jam
929 443 1138 495 occupata
1168 444 1270 484 sunt
1298 441 1573 500 Byzantium,

159 510 355 564 Lemnos,
387 509 553 554 Imbros
572 511 657 567 (V.,
676 512 769 567 26);
803 510 981 556 barbari
1013 512 1150 565 magis
1181 513 1401 567 magisque
1420 526 1574 568 appro-

155 581 365 635 pinquant
385 581 562 625 Graecis
593 595 754 639 eosque
788 584 912 639 quasi
949 586 1043 627 rete
1076 583 1262 640 quodam
1291 584 1573 629 circumdant.

156 651 338 708 Hippias
368 653 512 708 patria
544 653 746 709 expulsus
789 653 984 698 omnibus
1031 654 1183 699 nititur
1222 654 1414 710 viribus,
1465 658 1515 700 ut
1547 668 1575 700 a

156 725 300 770 Persis
330 725 374 769 in
406 726 685 785 tyrannidem
715 728 1000 781 restituatur3
1039 727 1320 772 Athenienses
1350 740 1474 783 vero,
1519 727 1572 772 ab

156 796 429 852 Artaphrene
460 811 539 853 per
571 799 739 853 legatos
757 800 961 854 Hippiam
982 803 1214 858 tyrannum
1234 800 1430 855 recipere
1451 800 1574 855 jussi,

155 869 381 913 manifesto
413 870 644 917 Persarum
690 883 783 915 esse
827 871 977 928 ,hostes
1038 872 1227 925 malunt,
1282 884 1410 926 quam
1446 871 1574 917 liber-

154 944 288 984 tatem
339 953 477 996 nuper
523 946 823 997 recuperatam
873 944 1057 997 prodere
1120 943 1203 997 (V.,
1258 944 1345 999 96).
1418 941 1576 988 Graeci

156 1012 286 1057 Asiae
317 1014 495 1058 minoris
526 1014 698 1059 ultimas
742 1016 799 1059 ad
838 1015 1083 1059 libertatem
1125 1015 1464 1070 recuperandam
1511 1015 1574 1058 in-

156 1085 341 1129 tendunt
382 1087 520 1139 vires,
571 1087 647 1130 sed
692 1099 763 1130 res
809 1091 857 1131 ut
897 1092 1057 1131 temere
1100 1087 1324 1131 institutae
1366 1087 1428 1130 ita
1464 1086 1576 1132 male

160 1160 309 1212 gestae
341 1157 447 1203 nihil
488 1157 680 1203 efficiunt
710 1159 857 1214 aliud,
905 1159 986 1204 nisi
1034 1162 1083 1203 ut
1121 1157 1277 1203 Graeci
1317 1156 1577 1204 rebellantes

159 1233 369 1273 vexentur
402 1231 576 1274 duriore
622 1232 824 1284 servitio,
874 1236 918 1275 et
948 1232 1106 1275 Darius
1137 1231 1190 1274 ab
1230 1231 1577 1283 Atheniensibus,

154 1301 268 1354 quod
307 1301 488 1346 «Ionibus
520 1303 725 1346 auxilium
769 1303 995 1357 tulissent,
1041 1315 1200 1358 poenas
1240 1303 1412 1356 exigere
1443 1302 1578 1346 consi-

154 1372 260 1416 lium
292 1375 438 1428 capiat
482 1375 551 1432 (V,
590 1375 705 1432 105).
769 1375 866 1418 Jam
909 1375 1005 1419 alea
1046 1375 1166 1429 jacta
1206 1377 1283 1418 est.
1348 1374 1579 1418 Persarum

155 1444 268 1487 enim
312 1457 494 1500 regnum
538 1448 628 1502 jam
672 1460 721 1491 eo
782 1448 999 1502 potentiae
1045 1446 1265 1500 pervenit,
1326 1448 1393 1499 ut,
1465 1446 1578 1500 quod

155 1519 318 1570 essent,
368 1519 443 1575 qui
474 1519 578 1574 ipsis
609 1531 695 1562 non
725 1519 900 1563 obedire
940 1518 1183 1570 auderent,
1238 1528 1368 1570 aegre
1400 1517 1577 1560 ferrent.

155 1587 358 1641 Ingentes
391 1603 493 1644 opes
525 1592 820 1644 maximaeque
852 1590 1068 1634 hominum
1100 1589 1246 1643 copiae
1274 1591 1579 1643 comparantur

153 1659 209 1703 ad
238 1721 240 1723 .
272 1659 500 1706 Graeciem
557 1663 881 1718 opprimendam
942 1661 1219 1715 funditusque
1279 1659 1577 1713 evertendam;

156 1733 301 1775 omnia
363 1735 418 1777 ad
469 1736 640 1788 generis
692 1735 889 1778 humanis
934 1732 1181 1776 libertatem
1224 1731 1579 1786 exstinguendam

157 1790 359 1849 videntur
392 1818 485 1850 esse
525 1807 751 1861 conjuncta
793 1810 924 1863 atque
957 1805 1194 1859 conjurata.
1257 1803 1343 1847 Ubi
1374 1802 1579 1847 victoriae

155 1887 272 1930 speS,
318 1877 391 1922 ubi
440 1879 654 1924 libertatis
700 1877 950 1931 refugium?
1010 1877 1086 1930 At,
1130 1876 1232 1930 quid
1279 1875 1334 1918 sit
1373 1874 1578 1924 futurum,

154 1948 314 1999 »θεῶν
346 1953 396 1993 ἓν
426 1947 617 2009 γούνασι
657 1953 842 1994 κεῖταιιί.
904 1949 1133 1992 Enimvero
1157 1948 1215 1990 dii
1247 1946 1423 1990 humani
1453 1957 1579 1999 gene-

154 2020 216 2063 ris
237 2019 498 2077 libertatem,
529 2023 641 2077 quod
659 2022 730 2077 J'us
754 2021 907 2075 fasque
928 2024 1006 2074 est,
1039 2023 1215 2064 tuentur
1243 2031 1292 2062 ac
1314 2021 1581 2067 conservant,

66 2120 69 2123 -
156 2106 283 2148 quam
325 2096 584 2141 sententiam
627 2107 720 2139 esse
757 2094 1071 2145 Herodoteam,
1116 2092 1208 2146 jam
1247 2092 1581 2134 commonstrare

157 2169 401 2223 aggredior.

275 2243 337 2286 Ut
368 2242 480 2287 enim
502 2241 661 2286 bellum
695 2239 897 2283 divinitus
943 2237 1188 2281 institutum
1218 2247 1311 2279 esse
1340 2235 1402 2280 ita
1435 2233 1583 2287 utique

158 2318 202 2362 in
245 2328 409 2361 summo
453 2327 601 2359 rerum
642 2312 886 2357 discrimine
926 2304 982 2353 τό
1022 2314 1157 2353 θεῖον
1199 2307 1268 2351 vel
1321 2302 1583 2365 δαιμόνιον,

161 2392 210 2433 ιιι
239 2401 310 2432 res
341 2387 450 2431 bene
483 2386 676 2439 eveniat,
717 2383 888 2428 efficere
919 2380 1140 2425 Herodoto
1185 2380 1369 2424 videtur.
1402 2421 1404 2423 a
1432 2378 1585 2432 Itaque

162 2464 264 2506 ante
307 2472 495 2515 pugnam
536 2456 855 2501 Marathoniam
901 2453 1079 2498 Graecis
1118 2452 1334 2496 indicatur
1374 2450 1585 2506 prodigio,

160 2534 279 2586 fore,
332 2536 382 2577 ut
426 2530 586 2575 multas
639 2539 901 2582 magnasque
959 2525 1258 2580 perpetiantur
1319 2522 1585 2567 calamitates

164 2605 273 2664 (VL,
299 2605 388 2660 98),
419 2615 557 2657 neque
590 2602 730 2645 minus
761 2600 946 2654 Hippiae
986 2597 1144 2642 accidit
1173 2595 1440 2648 miraculum,
1470 2593 1586 2637 unde
1659 2614 1663 2619 ›

157 2690 252 2722 rem
292 2689 320 2721 a
348 2676 493 2720 Persis
548 2674 661 2718 male
708 2675 883 2728 gestum
923 2671 978 2715 iri
1031 2667 1267 2726 praesagit.
1345 2665 1445 2711 Jam
1471 2676 1585 2711 rvero

164 2752 346 2804 Xerxes,
378 2762 509 2804 quum
540 2747 717 2791 ultionis
748 2749 840 2789 tum
876 2743 1000 2798 regni
1021 2741 1170 2786 finium
1200 2737 1588 2796 promovendorum

164 2823 401 2879 cupiditate
433 2822 630 2865 incensus
662 2817 793 2876 (VIL,
825 2817 886 2874 8),
927 2815 1065 2859 utitur
1103 2812 1311 2873 somniis,
1340 2822 1468 2866 quae.
1489 2821 1587 2869 eum

163 2896 220 2942 ad
251 2894 491 2952 periculum
523 2890 791 2936 subeundum
837 2889 1019 2933 incitent
1061 2885 1191 2944 (VIL,
1238 2887 1321 2934 12).
1384 2881 1587 2940 Quamvis
