1855 3214
924 161 976 201 19

242 291 296 333 de
317 300 374 333 -re
409 289 594 343 quadam
640 288 851 351 inveniret
881 290 1097 333 hominum
1135 289 1432 333 dissensiones.
1497 289 1659 342 Quodsi

249 359 423 416 putabis
454 359 723 404 Herodotum
753 361 930 415 vulgata
970 365 1015 405 et
1054 362 1323 416 potissimum
1366 372 1535 412 eorum,
1583 361 1658 415 qui

239 432 440 486 religioni
472 444 499 474 a
529 431 762 486 majoribus
794 436 995 487 acceptae
1026 432 1155 476 fidem
1194 432 1401 476 habentes
1443 432 1654 484 instituta,

198 561 201 564 ῃ
242 504 360 559 leges
391 514 615 558 moresque
645 504 855 559 majorum
885 505 1073 549 retinere
1098 504 1334 555 studerent,
1367 504 1582 548 sententia
1611 504 1656 546 in

240 575 421 619 historia
452 575 758 619 conscribenda
788 588 913 619 usum
944 588 1059 630 esse,
1104 578 1299 630 proxime
1324 577 1381 619 ad
1412 588 1554 619 meum
1584 588 1655 619 ar-

235 647 415 692 bitrium
436 647 627 691 accedes.
639 647 694 704 82)
728 647 814 691 Sed
830 648 936 692 haec
966 648 1185 702 hactenus,
1217 648 1273 691 ad
1294 648 1478 693 alteram
1496 648 1652 693 disser-

238 720 413 765 tationis
443 724 611 777 partem
642 725 927 776 transeamus,
957 724 1007 765 ut
1034 724 1367 777 perscrutemur,

238 950 287 1008 ιι.
328 930 567 1009 'ouanta
589 1012 592 1018 ,
615 950 686 1006 sit
736 950 866 1005 inter
910 949 1208 1029 Aeschylum
1250 950 1306 1005 et
1351 943 1650 1005 Herodotum

665 1034 909 1101 religionis
945 1033 1223 1088 similitudo.

269 1153 296 1205 ξ
321 1151 359 1194 1.
401 1150 619 1199 Quatenus
651 1151 825 1196 veteres
855 1152 900 1195 in
929 1162 1074 1196 rerum
1104 1149 1347 1195 divinarum
1376 1149 1618 1206 cognitione

585 1222 855 1279 profecerint
886 1223 986 1266 ante
1018 1222 1291 1276 Aeschylum.

354 1307 516 1359 Quodsi
546 1308 604 1350 ad
641 1308 842 1362 quusque
872 1308 937 1351 rei
968 1308 1287 1362 perceptionem
1329 1306 1511 1350 historia
1542 1305 1649 1350 duce

234 1377 393 1433 optime
423 1378 640 1434 perveniri
669 1381 823 1434 potest,
857 1390 995 1434 neque
1017 1378 1241 1433 quisquam
1272 1378 1390 1422 illam
1414 1378 1648 1432 negligens,

234 1451 338 1504 quid
385 1454 553 1494 veteres
593 1451 645 1494 de
687 1450 880 1505 qualibet
925 1457 974 1494 re
1025 1451 1328 1504 cogitaverint,
1396 1463 1499 1495 vere
1540 1450 1647 1504 diju-

234 1521 417 1575 dicabit,
488 1534 563 1566 nos
633 1534 800 1578 quoque
871 1521 992 1566 nobis
1052 1522 1369 1576 inquisitionem
1429 1522 1649 1576 religionis

233 1593 496 1649 Aeschyleae
538 1597 582 1639 et
612 1594 884 1639 Herodoteae
927 1594 1304 1649 aggredientibus,
1345 1594 1449 1649 quid
1493 1592 1648 1638 Graeci

234 1665 288 1709 de
333 1664 463 1710 rebus
511 1667 665 1711 divinis
710 1670 810 1712 ante
842 1667 1099 1723 Aeschylum
1149 1666 1382 1720 senserint,
1436 1670 1647 1721 quatenus

234 1737 463 1783 Hemerica
494 1740 702 1794 religione
731 1739 889 1784 inflexa
920 1743 1049 1795 atque
1080 1740 1307 1783 immutata
1338 1740 1394 1783 ad
1429 1739 1647 1794 puriorem

234 1809 411 1853 deorum
442 1811 656 1856 notionem
675 1812 892 1866 progressi
923 1812 1020 1865 sint,
1053 1812 1097 1855 in
1119 1811 1368 1855 memoriam
1385 1823 1646 1855 revocemus.

231 1882 312 1926 Est
342 1882 455 1927 enim
486 1883 561 1929 illa
594 1883 825 1928 Homerica
854 1884 1027 1939 religio,
1080 1887 1129 1928 ut
1159 1884 1308 1938 paucis
1340 1883 1494 1937 dicam,
1523 1883 1645 1941 poly—

232 1953 437 1999 theismus
468 1956 525 2000 ad
554 1956 726 2001 illorum
757 1959 1009 2011 temporum,
1050 1955 1203 2010 quibus
1235 1958 1354 1998 ortus
1386 1958 1465 2009 est,
1502 1955 1645 1999 condi-

328 2098 374 2145 ⁸¹)
397 2099 611 2137 Herodotus
636 2110 708 2135 uno
732 2101 873 2135 tantum
896 2099 979 2135 loco
1006 2098 1068 2146 (Π,
1083 2097 1179 2145 156.)
1227 2098 1406 2145 Aeschyli
1426 2098 1647 2135 mentionem

232 2158 336 2197 fecit:
364 2160 427 2204 „e'x
443 2158 578 2198 τούτου
604 2158 641 2197 δὲ
665 2156 727 2196 τόὐ
752 2158 857 2208 λόγου
881 2164 940 2195 καὶ
965 2157 1105 2196 οὐδενός
1128 2158 1234 2196 ἄλλου
1263 2157 1441 2203 ,Αἰσχύλος
1463 2157 1494 2195 ‘o
1518 2157 1645 2206 Εὸφο-

230 2220 354 2266 ρι’ωνος
390 2218 526 2267 ἥρπαόε
562 2221 604 2257 τὸ
646 2221 715 2268 ⁶³va
758 2219 1011 2268 φράσωμοῦνος
1048 2218 1091 2266 δή
1116 2223 1291 2265 ποιητέων
1322 2218 1393 2256 τῶν
1425 2224 1644 2268 προγενομέ-

231 2288 321 2315 νων·
347 2280 487 2325 ἐποίησε
511 2280 578 2328 yde
595 2281 772 2327 ”Αρτεμιν
796 2280 885 2316 εἶναι
907 2283 1087 2327 θυγατέρα
1111 2279 1328 2325 Arium-90:⁸⁶.
1379 2280 1445 2317 Sin
1475 2292 1562 2316 vero
1587 2293 1647 2317 ve-

229 2340 380 2378 risimile
406 2343 474 2386 est,
511 2341 675 2377 dramata
697 2340 875 2387 Aeschyli
896 2340 1126 2376 Herodotum
1151 2351 1224 2376 non
1247 2339 1463 2386 perlegisse,
1500 2341 1649 2377 aliunde

230 2399 322 2435 illud
362 2411 443 2437 eum
480 2401 704 2447 comperisse
740 2410 896 2437 necesse
934 2402 999 2442 est,
1049 2410 1168 2445 neque
1205 2400 1281 2435 ulla
1317 2401 1480 2447 suspicio
1506 2402 1553 2436 ad
1583 2414 1643 2438 ve-

229 2470 308 2495 rum
334 2460 488 2507 propius
513 2460 678 2503 accedat,
705 2470 814 2507 quam
837 2459 1079 2504 Herodotum,
1101 2460 1328 2507 Aeschylum
1351 2460 1509 2496 Dianam
1535 2462 1645 2498 Gere-

228 2521 279 2557 ris
303 2520 414 2557 filiam
437 2521 656 2564 nominasse,
682 2531 725 2556 eo
750 2521 906 2563 novisse,
933 2520 1031 2566 quod
1044 2520 1253 2567 Aeschylus
1283 2520 1535 2567 mysteriorum
1559 2534 1645 2569 pro-

231 2580 428 2632 fanationis
447 2583 645 2617 accusatus
659 2583 775 2625 esset3
802 2580 909 2627 cujus
922 2581 1171 2617 accusationis
1185 2583 1227 2615 ut
1236 2581 1407 2627 vulgatae
1424 2582 1645 2618 mentionem

235 2641 325 2677 fecit
347 2634 582 2679 Aristoteles.
630 2640 716 2679 Eth.
738 2640 884 2677 Nicom.
908 2639 976 2683 HJ,
1002 2640 1036 2679 2.
1083 2639 1298 2676 Herodotus
1328 2640 1410 2688 ipse
1438 2641 1549 2689 hujus
1585 2653 1644 2679 su-

236 2700 412 2748 'spicionis
451 2710 577 2736 ansam
614 2699 716 2737 dedit
751 2700 808 2736 his
839 2700 979 2737 verbis:
1017 2704 1099 2744 „nal
1124 2697 1263 2737 023322264·
1287 2698 1430 2751 ἄλλοθ’.
1468 2702 1644 2738 Pluribus

235 2760 468 2807 persequitur
490 2759 587 2795 hanc
609 2772 686 2796 rem
709 2761 753 2799 R.
778 2760 934 2797 Dahms:
960 2760 1231 2803 „DeAeschxli
1253 2760 1364 2799 vita“.
1400 2761 1522 2799 Berol.
1540 2763 1645 2807 1860,

116 2873 119 2874 ⁷
193 2821 196 2823 '
230 2828 271 2868 p.
297 2818 433 2868 43sqq.
459 2819 516 2859 Of.
541 2819 727 2864 Welcker,
752 2820 776 2859 l.
800 2820 824 2860 l.
848 2831 885 2869 p.
911 2819 991 2859 106,
1034 2819 1171 2869 Haym,
1194 2820 1218 2856 l.
1242 2819 1266 2860 l.
1291 2831 1329 2869 p.
1355 2822 1462 2870 19sq.
