1855 3214
915 173 962 214 11

229 302 445 361 Aeschyli
455 301 633 347 Phinei?
664 302 911 358 Postquam
929 301 1033 346 belli
1051 302 1225 356 Trojani
1256 314 1420 355 quoque
1454 306 1502 346 ut
1532 303 1645 347 inter

232 374 362 419 Asiae
392 377 437 419 et
466 373 667 432 Europae
710 374 872 419 incolas
909 374 1022 430 gesti
1074 374 1333 418 mentionem
1363 372 1484 427 fecit,
1532 375 1642 418 hanc

233 446 546 499 narrationem,
594 457 679 500 qua
710 446 932 494 declarare
967 446 1114 499 voluit,
1143 446 1232 500 J'am
1264 445 1500 499 antiquitus
1531 447 1641 490 iram

229 518 342 568 inter
374 517 562 563 Graecos
592 521 638 562 et
670 517 879 564 barbaros
908 522 1159 573 conceptam
1191 521 1319 571 atque
1359 517 1640 562 inveteratam

227 602 332 645 esse,
365 590 423 636 ad
454 589 581 635 finem
610 590 810 645 perducit
839 591 905 635 his
935 589 1098 635 verbis:
1133 589 1200 645 (I.,
1232 589 1278 645 4)

350 656 472 716 „a’wd
513 657 683 707 τούτου
716 658 784 707 αἐὶ
814 658 1078 722 ἡγήσασθαι
1129 660 1183 706 τό
1211 656 1482 716 Ἑλληνικόν
1513 661 1637 718 σφίσι

231 733 408 792 (Persis)
441 732 556 779 εἶναι
594 734 845 793 πολέμιον·
898 730 987 791 τήν
1016 728 1102 793 γάρ
1135 732 1288 789 Aaron]
1327 732 1399 776 καὶ
1438 727 1496 775 τοὶ
1544 736 1639 777 ἒνοι

226 805 389 850 κέοντα
424 808 566 850 ἔθνεα
597 802 656 850 ‘voc'
687 801 899 865 βάρβαρα
933 804 1213 863 οἰκηιεῦνται
1246 806 1288 848 οἱ
1322 802 1512 861 Πέρσαι,
1547 800 1638 861 τήν

226 875 274 921 δὲ
306 871 540 935 Ειῗριόπην
570 880 643 920 καὶ
670 875 725 920 τό
754 871 1026 933 Ἑλληνικόν
1055 874 1251 934 ἥγηνται
1283 875 1595 933 κεχωρίσθαι“.

343 947 505 1002 Quibus
536 948 795 994 eonferenda
833 952 900 994 est
930 948 1034 993 haec
1072 947 1263 1002 ejusdem
1292 947 1503 992 Herodoti
1538 960 1632 991 sen-

222 1019 380 1066 tentia:
415 1019 507 1078 (IX,
545 1021 660 1077 116.)

331 1087 452 1149 ,,τη“ν
481 1087 646 1149 Ἀσίην
677 1091 833 1137 πᾶσαν
865 1091 1104 1149 νομίζουσι
1138 1090 1320 1135 ἑωυτῶν
1351 1089 1469 1136 εἶναι
1502 1091 1627 1150 Πέρ-

220 1181 296 1210 σαι
327 1164 401 1208 καὶ
431 1163 518 1208 τοῦ
548 1158 617 1208 οἷεὶ
647 1160 1014 1222 βασιλεύοντος“.

338 1236 486 1291 Neque
505 1236 742 1292 quisquam,
773 1236 810 1280 si
823 1236 929 1280 haec
945 1234 1194 1279 Herodotea
1224 1248 1319 1280 cum
1341 1235 1426 1279 illis
1443 1235 1631 1295 Aeschy-

220 1310 311 1364 leis,
352 1316 462 1363 quae
502 1320 635 1363 supra
674 1309 732 1365 (p.
775 1308 834 1364 9.)
878 1307 1162 1360 laudavimus,
1209 1309 1537 1362 comparaverit,
1588 1313 1632 1352 et

224 1382 492 1426 Herodotum
523 1384 568 1425 et
583 1379 836 1433 Aeschylum
852 1379 996 1423 Persis
1018 1378 1177 1432 Asiam,
1208 1379 1424 1434 Europam
1455 1379 1631 1427 Graecis

222 1456 272 1497 ut
289 1453 510 1508 proprium
529 1452 743 1507 quoddam
768 1464 795 1495 a
814 1451 895 1495 diis
916 1451 1065 1495 datum
1087 1450 1341 1505 assignasse,
1374 1453 1629 1510 negabit²¹).

316 1525 437 1570 ‘Jam
465 1524 711 1569 Herodotus
740 1524 884 1579 pergit
914 1535 1140 1570 enarrare:
1174 1522 1228 1582 (I.
1260 1536 1296 1569 c.
1331 1522 1374 1581 5)

338 1597 536 1652 „Ta‘fiva
566 1596 657 1654 μέν
687 1611 774 1640 νυν
806 1596 984 1654 Πέρσαι
1015 1614 1066 1641 τε
1097 1595 1168 1639 καὶ
1196 1595 1399 1645 Φοίνικες
1431 1597 1630 1657 λέγουσι·

221 1664 305 1729 ἐγώ
340 1667 387 1713 δὲ
420 1672 523 1725 περὶ
552 1671 643 1727 μὲν
670 1660 850 1713 τούτων
883 1662 964 1717 οὐκ
995 1670 1185 1729 ἔρχομαι
1232 1666 1368 1726 ἐρέων
1410 1664 1468 1720 οἷς
1510 1668 1628 1716 οὕτω

217 1738 250 1796 ἢ
286 1738 429 1789 ἄλλως
459 1756 545 1790 κως
574 1740 723 1784 ταῦτα
756 1739 952 1799 ἐγένετο,
987 1736 1070 1786 τόν
1102 1740 1150 1785 δὲ
1172 1738 1272 1784 οἶδα
1289 1737 1430 1791 αὐτός
1447 1743 1630 1800 πρῶτον

217 1806 549 1869 ὑπάρξαντα
592 1804 793 1857 α’ὃίκων
838 1814 1013 1872 ’ἔργων
1075 1816 1129 1861 ἐς
1177 1807 1310 1862 τούς
1331 1808 1627 1871 ”Ελληνας,

215 1883 397 1942 τοῦτονδ
430 1883 641 1943 σημήνας
683 1879 982 1944 προβήσομαι
1030 1888 1074 1933 ἐς
1105 1879 1160 1927 τό
1206 1881 1358 1942 πρόσω
1408 1886 1493 1929 τοῦ
1544 1884 1625 1931 λό-

216 1958 344 2017 yov“‚
377 1972 415 2001 κ.
447 1973 488 2000 τ.
519 1955 557 2002 λ.

334 2027 545 2073 Baehrius
594 2026 700 2084 (IV.‚
731 2040 773 2082 p.
807 2027 912 2084 445)
955 2028 1017 2071 ita
1057 2028 1110 2071 de
1149 2027 1228 2071 hoc
1273 2028 1364 2072 loco
1415 2029 1625 2084 disputat:

222 2100 415 2156 „Rejecit
444 2100 589 2154 igitur,
611 2111 721 2154 quae
753 2099 805 2143 de
835 2098 1052 2154 prioribus
1082 2099 1345 2155 temporibus
1377 2100 1534 2146 fabulis
1565 2104 1628 2148 in-

212 2173 362 2221 voluta
393 2172 644 2217 ferebantur
675 2175 718 2215 et
748 2185 775 2216 a
806 2172 1083 2227 logographis
1121 2172 1429 2226 tradebantur;
1477 2175 1629 2220 maluit

215 2248 335 2293 certa
381 2244 539 2290 sectari
589 2244 772 2298 indeque
815 2256 917 2288 suae
963 2243 1169 2288 historiae
1211 2243 1380 2287 initium
1412 2245 1568 2290 ducere
1600 2261 1626 2290 a

214 2317 386 2371 Croeso,
419 2318 472 2361 de
503 2329 585 2371 quo
614 2317 751 2371 primo
783 2317 969 2361 certiora
999 2317 1082 2371 ipsi
1109 2317 1395 2371 innotuerant,
1428 2318 1625 2377 Lydiam,

214 2388 288 2432 ubi
318 2389 419 2431 olim
434 2389 507 2431 ille
522 2391 742 2441 regnarat,
768 2388 1089 2443 perlustranti.“
1127 2389 1292 2441 Rejecit
1313 2401 1417 2432 sane
1433 2390 1626 2435 Herodo-

214 2463 299 2513 tus,
331 2460 503 2503 minime
533 2471 634 2504 vero
652 2460 725 2513 ita,
758 2459 881 2514 quasi
902 2459 1007 2503 talia
1028 2459 1119 2514 ejus
1151 2460 1265 2503 modi
1285 2460 1411 2515 plane
1427 2461 1569 2506 aliena
1599 2476 1626 2507 a

218 2544 295 2578 suo
325 2532 544 2587 proposito
577 2531 772 2585 duceret3
823 2531 974 2586 rejecit
1019 2535 1169 2576 contra
1215 2535 1263 2575 ut
1300 2532 1528 2578 historicus
1559 2536 1627 2579 vel

215 2603 357 2658 potius
388 2604 573 2658 criticus,
584 2603 642 2662 ²³)
675 2604 788 2658 quod
820 2604 977 2658 optime
1009 2617 1061 2648 ex
1093 2604 1159 2649 his
1190 2603 1353 2649 verbis:
1387 2601 1473 2660 „dg
1505 2604 1623 2651 οὕτω

251 2810 254 2817 ,
307 2769 357 2818 ¹¹)
381 2770 468 2808 vid.
491 2769 761 2806 Dahlmannum
785 2771 809 2807 1.
835 2769 858 2805 1.
884 2781 921 2817 p,
949 2770 1027 2810 138,

306 2829 355 2877 ²¹)
382 2829 439 2868 of.
463 2828 607 2869 Dahlm.
633 2830 657 2869 1.
678 2829 703 2867 1.
727 2841 763 2877 p.
790 2830 871 2871 137.
