1855 3214
870 248 922 289 16

185 374 318 435 η’μεῖς
350 371 737 435 κατεργασάμεθα,
801 371 914 419 αλλα
945 375 1075 420 θεοί
1116 393 1166 420 τε
1225 375 1297 420 καὶ
1349 374 1506 434 ἥρωες,
1556 380 1607 424 οἱ

184 443 459 505 ἐφθόνησαν
491 443 638 504 ἄνδρα
670 451 750 491 ἕνα
792 447 876 503 τῆς
908 464 957 490 τε
968 442 1128 504 Ἀσίης
1160 451 1232 491 καὶ
1263 449 1348 504 τῆς
1378 443 1608 531 Ευρώπης

180 520 444 578 βασιλεῦσαι
488 515 627 564 εόντα
670 513 864 563 οἷνόσιόν
911 535 961 562 τε
1003 522 1076 565 καὶ
1106 513 1427 565 οἷτοῖσθαλον·
1424 515 1513 567 ὅς
1548 516 1606 564 τά

182 608 233 635 τε
263 586 337 648 ἱροὶ
389 590 460 634 καὶ
493 586 562 635 τοὶ
583 588 675 634 ι’ὃια
718 593 768 633 ἐν
817 586 950 647 ὁμοιῳ
1000 588 1218 642 ἐποιεετο,
1263 586 1502 647 ἐμπιπράς
1554 606 1605 634 τε

184 665 256 706 καὶ
288 656 589 719 καταβάλλων
619 660 712 704 τῶν
743 662 869 706 θεῶν
901 656 1173 721 α’γοίλματα·
1208 658 1260 711 ὂς
1292 664 1364 706 καὶ
1396 660 1485 718 τήν
1508 657 1603 706 θα-

181 734 354 777 λασσαν
385 728 737 791 οἷπεμαστίγωσε
769 732 911 783 πέδας
947 751 996 777 τε
1028 734 1230 790 namin-5⁴2

300 804 437 856 Quam
469 803 523 848 ob
556 817 648 848 rem
680 805 739 849 dii
771 805 971 860 opitulati
992 805 1079 849 sint
1095 803 1285 860 Graecis,
1318 806 1475 851 Persas
1500 805 1602 850 affe-

180 876 317 920 cerint
349 877 683 930 calamitatibus,
717 890 801 920 non
828 878 919 931 jam
949 880 1093 931 potest
1124 890 1216 924 esse
1234 879 1280 923 in
1296 878 1438 931 dubi0‚
1471 887 1601 933 quum

177 951 353 1003 praeter
370 948 496 992 modo
513 948 694 992 allatum
716 949 854 992 locum
872 949 984 993 idem
1009 948 1200 992 declaret
1213 948 1302 992 hic:
1337 949 1475 1006 (VIII,
1497 949 1599 1006 143)

179 1020 295 1074 ,,νῦν
344 1035 401 1067 τε
440 1016 695 1078 οἷποὶγγελλε
726 1021 975 1079 ᾹΙαρὸονίῳ
1023 1016 1081 1069 οἷς
1113 1015 1363 1077 Ἀθηναῖοι
1407 1021 1601 1079 λέγουσι,

177 1085 268 1135 ἔστ’
301 1087 359 1136 ἄν
392 1086 418 1134 o‘
454 1087 583 1147 ἥλιος
614 1087 704 1149 τήν
737 1087 887 1148 αὐτήν
921 1087 1033 1135 ὁδόν
1082 1091 1128 1151 ἴῃ
1160 1092 1218 1151 τῇ
1258 1093 1330 1135 καὶ
1364 1092 1451 1136 νῦν
1482 1089 1600 1152 ἕρχε·

176 1180 269 1216 ται,
331 1158 506 1221 μήκοτε
548 1159 844 1222 ὁμολογήσειν
900 1159 1049 1221 ἡμέας
1083 1163 1248 1223 Ξέρξῃ·
1294 1158 1406 1206 α’λλοέ
1448 1163 1601 1209 θεοῖσί

175 1252 225 1279 τε
273 1230 561 1294 συμμάχοισι
601 1235 789 1281 πίσυνοί
837 1252 923 1294 μιν
955 1235 1169 1293 ἐπέξιμεν
1201 1229 1491 1292 οἷμκυνόμενοι
1523 1234 1598 1285 καὶ

171 1312 290 1351 τοῖσι
321 1304 480 1364 ἥρωσι,
513 1307 606 1350 τῶν
639 1311 807 1355 ἐκεῖνος
840 1303 1054 1363 οὐδεμίαν
1080 1304 1194 1350 ὄπιν
1227 1308 1342 1365 ἔχων
1375 1301 1597 1364 ἐνέπρησε

174 1373 285 1427 τούς
330 1395 380 1422 τε
421 1378 571 1425 οἴκους
618 1377 690 1421 καὶ
738 1373 795 1420 τοὶ
844 1373 1138 1435 οἷγοέλ,ιιατα“.
1200 1376 1271 1434 (cf.
1309 1375 1431 1430 VIII,
1482 1379 1613 1430 1443.

171 1447 248 1504 IX,
283 1452 338 1493 65
371 1452 415 1493 et
447 1452 501 1492 76
533 1452 578 1492 et
610 1448 713 1504 91.).

295 1521 396 1565 Jam
446 1522 559 1575 quod
605 1522 809 1575 proposui
863 1520 1099 1575 explicasse
1151 1524 1195 1564 et
1240 1524 1596 1571 commonstrasse

172 1593 277 1637 mihi
309 1592 472 1638 videor.
535 1592 640 1636 Jrae
673 1593 936 1647 dissidiaque
968 1593 1081 1637 enim
1114 1593 1206 1647 Jam
1232 1592 1467 1646 antiquitus
1482 1593 1596 1639 inter

170 1664 381 1711 barbaros
414 1668 459 1707 et
490 1663 679 1709 Graecos
709 1665 912 1718 vigentia,
946 1668 994 1708 ut
1023 1664 1118 1711 fieri
1149 1665 1262 1707 inter
1283 1667 1432 1717 gentes
1462 1664 1596 1708 servi·

169 1738 254 1782 tuti
283 1735 491 1781 obnoxias
530 1739 575 1780 et
611 1735 825 1780 libertatis
864 1736 1162 1791 cupidissimas
1209 1748 1380 1782 necesse
1412 1739 1505 1790 est,
1548 1736 1594 1781 in

166 1810 280 1854 bello
324 1809 527 1864 Persico,
580 1821 709 1862 quum
757 1808 966 1853 barbaria
1017 1808 1212 1853 omnibus
1265 1809 1396 1863 copiis
1445 1812 1595 1858 contra

167 1881 415 1926 libertatem
445 1880 748 1934 belligeraret,
799 1880 854 1926 ad
887 1892 1095 1925 summum
1139 1880 1360 1934 fastigium
1387 1892 1593 1935 pervene—

169 1957 273 1997 rant
304 1953 421 2011 (VII,
457 1953 543 2008 11).
579 1953 671 2005 Quo
694 1952 821 2006 bello,
853 1956 998 1996 utrum
1029 1956 1167 1996 totum
1196 1964 1332 2005 genus
1363 1952 1594 2001 humanum

168 2026 295 2069 unius
326 2024 452 2068 nutui
482 2024 683 2068 obedire-t
714 2024 827 2080 (VII.
847 2028 887 2077 8,
921 2025 944 2080 ξ
981 2024 1038 2079 3),
1072 2028 1217 2069 utrum
1247 2037 1356 2070 unus
1387 2024 1512 2074 homo
1543 2028 1592 2070 ut

164 2098 269 2142 deus
310 2097 528 2141 coleretur
582 2096 695 2149 (VII,
731 2096 828 2152 56),
890 2108 946 2139 an
986 2096 1136 2150 generi
1177 2096 1363 2147 humano
1409 2085 1588 2141 libertas

164 2170 479 2221 vindicaretur,
521 2170 566 2211 in
616 2168 847 2212 discrimen
892 2168 1012 2211 venit
1051 2169 1266 2222 armisque
1304 2168 1589 2222 disceptatum

165 2241 270 2288 est.²
280 2241 312 2298 ⁶)
376 2240 448 2285 Dii
480 2243 638 2295 autem,
672 2253 803 2299 quum
840 2243 954 2284 stent
984 2253 1011 2284 a
1038 2240 1242 2289 libertate
1283 2243 1413 2294 atque
1441 2239 1589 2285 huma-

164 2315 316 2367 nitate,
348 2325 444 2357 eam
458 2325 542 2356 non
566 2313 679 2356 tueri
704 2325 788 2356 non
804 2316 996 2367 possunt,
1029 2325 1164 2367 quare
1181 2312 1337 2361 Graeci
1350 2323 1386 2358 a.
1396 2312 1477 2357 diis
1489 2317 1591 2366 sunt

163 2386 316 2441 adjuti,
332 2385 474 2440 puniti
495 2385 684 2430 barbari.
725 2385 864 2438 Quam
883 2386 1139 2434 sententiam
1154 2397 1240 2429 non
1250 2385 1390 2427 minus
1399 2384 1589 2444 Aeschy-

162 2459 251 2503 lum
281 2459 327 2508 in
357 2457 502 2504 Persis
535 2458 768 2512 aperuisse,
796 2458 886 2512 jam
918 2471 1049 2513 supra
1081 2461 1138 2513 (p.
1170 2462 1195 2501 9
1223 2462 1303 2512 sq.)
1335 2458 1591 2511 monuimus.-

281 2531 381 2575 Jam
412 2533 576 2583 restat,
621 2534 667 2573 ut
703 2530 809 2574 illud
849 2531 979 2574 etiam
1018 2543 1355 2584 commemorem,
1398 2543 1586 2586 pugnam

162 2604 461 2648 Himerensem
493 2603 761 2650 Herodotum
800 2607 849 2646 ut
878 2604 935 2648 ad
973 2604 1239 2658 propositum
1284 2616 1408 2647 suum
1453 2603 1586 2658 perti-

252 2783 719 2832 ¹⁶)Vid.Dah1mannum
750 2785 773 2820 l.
806 2784 828 2820 1.
855 2795 891 2831 p
933 2783 1016 2821 170:
1054 2785 1148 2828 „Die
1175 2785 1381 2827 Griechen‚
1409 2781 1468 2820 die
1494 2782 1576 2820 dem

155 2846 292 2885 Darius
317 2847 392 2883 und
416 2846 560 2883 Xerxes
585 2845 867 2889 widerstandem
904 2844 1026 2881 haben
1058 2844 1116 2881 fiir
1139 2856 1208 2882 uns
1233 2845 1305 2882 alle
1331 2845 1490 2923 gesiegt
1498 2844 1573 2881 und

159 2908 384 2959 gekampft‘fi

1709 1 1731 20 fi
1737 0 1829 22 {9³:33³
1835 0 1853 16 ⁶⁴
