1855 3214
874 185 928 232 25

203 322 363 377 ραυνοὶ
399 313 586 364 ἀὐτοῖσι
638 313 908 372 ἐνέπιπτον,
968 315 1067 364 α’πδ
1105 319 1152 364 δὲ
1200 318 1283 363 τοῦ
1336 307 1620 378 ΙΙάρνησσού

203 385 528 452 οἷποῤῥαγεῖσαι
556 386 643 435 ’δύο
677 391 871 450 κορυφαὶ
903 391 1123 452 ἐφέροντο
1156 390 1305 450 πολλῷ
1339 388 1528 449 πατάγῳ
1576 394 1622 439 ἐς

204 457 374 513 αὐτούς
405 468 477 509 ubal
506 459 766 522 κατέλαβον
790 457 992 522 συχνούς
1025 479 1187 521 σφεων,
1231 467 1288 507 ἐκ
1310 462 1357 507 δὲ
1390 461 1475 506 τοῦ
1518 463 1617 520 ἱροῦ

203 535 287 591 τῆς
319 534 557 592 ΙΙρόναίης
587 530 677 594 βοή
724 551 774 578 τε
802 532 874 579 noa
914 531 1178 594 ἀλαλαγμός
1226 534 1445 595 ἐγίνετο.“
1490 546 1620 589 quam

203 606 495 656 narrationem
510 607 846 652 Herodotushoc
870 607 1122 650 testimoneo
1153 607 1424 662 comprobat:
1457 609 1509 661 (e.
1545 606 1619 661 39)

207 678 275 731 „oi
307 676 355 722 δὲ
387 673 608 728 πεσόντες
641 673 735 722 tino*
769 679 853 722 τοῦ
885 679 1166 737 ,Παρνησσοὺ
1206 678 1333 723 λίθοι
1365 677 1431 721 ἔτι
1463 680 1537 720 καὶ
1578 680 1623 726 ἐς

204 743 353 807 ἠμέας
372 745 491 806 ἦσαν
515 746 659 807 σόοι“,
693 763 777 794 non
793 752 896 806 Jam,
928 755 1046 806 puto,
1079 751 1268 805 negabis,
1301 754 1472 805 patrem
1489 749 1621 792 histo-

204 821 296 875 riae
327 834 379 865 ex
413 822 553 865 animo
585 822 715 867 fuisse
724 818 917 867 'deditum
926 822 1191 867 Graecorum
1213 822 1422 875 religioni.
1456 822 1628 865 Eodem·

205 892 308 935 item
339 897 505 948 spectat
535 895 626 950 ejus
658 895 778 949 fides,
825 909 951 954 quam
990 895 1172 939 oraculis
1215 898 1258 937 et
1295 894 1505 949 prodigiis
1547 894 1624 937 tri-

205 962 312 1018 buit,
358 966 472 1019 quod
504 979 556 1010 ex
589 967 734 1011 multis
766 967 882 1021 loeis,
936 979 1041 1022 quos
1079 966 1325 1021 singulatim
1367 978 1624 1011 enumerare

206 1036 378 1091 longum
410 1042 487 1093 est,
520 1043 663 1094 potest
694 1039 890 1084 concludi
902 1039 973 1095 ⁴²).

323 1109 413 1153 Imo
445 1117 545 1154 vero
578 1105 900 1165 dubitationem,
932 1125 1034 1154 num
1064 1111 1151 1155 sint
1180 1123 1283 1155 vera
1315 1110 1489 1155 oracula
1517 1106 1623 1156 Βά-

206 1180 342 1237 κιδος,
373 1180 531 1226 Noster
562 1188 809 1228 aversatur:
843 1183 980 1242 (VIII,
1015 1183 1101 1239 77.)
1135 1182 1425 1241 ,,Χρησμοῑσι
1458 1182 1505 1226 δὲ
1539 1177 1621 1225 οὐκ

208 1254 291 1312 ἔχω
324 1248 593 1312 οἷντιλὲγειν,
648 1256 705 1305 ὥς
747 1251 828 1300 οὐκ
870 1258 953 1299 εἶσὶ
991 1249 1197 1310 α’ληθὲες,
1235 1250 1289 1298 οὐ
1330 1251 1622 1313 βουλόμενος

209 1320 428 1384 ἐναργέως
459 1322 676 1386 λέγοντας
717 1327 968 1386 πειρᾶσθαι
1007 1320 1323 1384 καταβάλλὲιν,
1382 1330 1429 1376 ἐς
1470 1321 1626 1370 τοιοίδε

212 1393 462 1456 πρήγματα
496 1396 720 1459 ἐσβλέψας
753 1433 764 1445 .
799 1433 808 1444 .
842 1433 851 1443 .
887 1432 896 1443 .
930 1402 1003 1443 καὶ
1041 1394 1160 1443 οὕτω
1194 1393 1415 1458 ἐναργέως
1447 1393 1628 1458 λέγοντι

208 1463 374 1513 Βάκιδι
434 1464 692 1531 α’ντιλογίης
741 1471 957 1532 χρησμῶν
1005 1468 1109 1530 πέρι
1152 1467 1260 1515 οὔτε
1299 1466 1441 1520 αὐτός
1483 1468 1630 1530 λέγειν

210 1536 387 1600 τολμέω
421 1538 529 1587 οὔτε
560 1539 668 1603 παρ’
699 1540 847 1588 ἄλλων
880 1538 1165 1601 ἐνδέκομαι“.
1200 1543 1283 1600 (Cf.
1316 1543 1387 1597 VI,
1422 1541 1512 1601 27.)

214 1661 300 1726 §¹3-
333 1666 687 1720 Quemadmodum
717 1674 936 1730 puriorem
968 1675 1147 1717 autores
1169 1673 1311 1717 nostri
1333 1674 1631 1729 spectaverint

712 1746 885 1809 deorum
916 1748 1131 1793 naturam.

338 1828 597 1876 Monendum
631 1834 697 1875 est
727 1835 883 1886 autem,
916 1831 1190 1890 Aeschylum,
1223 1831 1391 1876 etiamsi
1425 1832 1526 1876 deos
1556 1831 1633 1875 hu-

215 1914 343 1948 mana
374 1904 510 1948 forma
552 1909 596 1947 et
633 1916 810 1959 corpore
851 1904 1072 1959 praeditos
1104 1904 1325 1958 exhibeat,
1369 1917 1440 1948 eos
1489 1908 1633 1948 tamen

216 1988 344 2031 quam
374 1977 558 2021 maxime
589 1989 616 2020 a
647 1976 762 2020 vitiis
787 1976 1035 2030 mendisque
1068 1989 1163 2019 cum
1196 1989 1372 2032 corpore
1396 1976 1631 2032 conjunctis

216 2047 437 2103 liberasse,
486 2052 535 2092 ut
577 2049 752 2092 numina
782 2060 930 2091 eorum
961 2049 1144 2103 tempori
1176 2052 1219 2092 et
1250 2049 1389 2103 spatio
1421 2060 1505 2091 non
1544 2048 1631 2090 sint

218 2117 414 2166 obnoxia.
477 2120 603 2177 Apud
635 2117 869 2164 Homerum
917 2120 1029 2164 enim
1077 2118 1168 2175 ipse
1209 2119 1409 2176 Juppiter
1450 2121 1634 2176 optimus

159 2180 172 2191 “
218 2194 430 2238 maximus
460 2197 604 2249 potest
633 2193 729 2237 falli
759 2204 808 2237 ac
841 2192 979 2247 decipi
1011 2195 1056 2237 et
1085 2206 1230 2237 somno
1263 2196 1495 2248 occupatus
1529 2193 1636 2236 nihil

221 2267 527 2313 animadvertit
557 2266 624 2322 (Il.
661 2265 775 2320 XIV,
816 2268 1078 2320 153—351).
1139 2266 1344 2321 Itemque,
1377 2277 1637 2322 quamquam

221 2340 385 2399 eminus
416 2351 487 2383 res
518 2339 760 2392 gubernare
792 2340 947 2392 potest,
979 2341 1027 2381 ut
1058 2350 1127 2381 res
1159 2342 1305 2381 tamen
1336 2336 1411 2392 ita,
1442 2343 1491 2382 ut
1514 2337 1638 2393 velit,

222 2411 435 2474 eveniant,
466 2411 557 2466 ipse
590 2423 663 2455 eas
695 2409 827 2455 oeulis
858 2409 1070 2465 adspiciat
1100 2421 1275 2454 necesse
1307 2405 1389 2452 est
1415 2408 1483 2467 (11.
1516 2408 1637 2466 VIII,

225 2487 277 2528 51
313 2488 358 2528 et
393 2485 464 2537 52,
504 2483 635 2539 ibidq.
683 2484 768 2527 397
809 2486 853 2527 et
884 2480 1004 2539 398).
1061 2482 1188 2537 Apud
1227 2478 1488 2541 Aeschylum
1532 2497 1635 2529 vero

224 2555 374 2611 Apollo
406 2556 538 2601 etiam
568 2556 732 2600 eminus
765 2554 963 2600 Orestem
995 2556 1159 2598 tuetur:
1193 2551 1334 2605 (Eum.
1370 2555 1581 2615 64—66.)

246 2719 249 2722 ’
301 2710 369 2791 Ἀ»)
395 2736 482 2775 vid.
498 2733 536 2788 v1,
561 2731 620 2780 47,
645 2735 703 2780 49,
729 2735 785 2779 62,
813 2734 868 2779 78,
895 2733 951 2779 85,
976 2733 1034 2778 ee,
1061 2733 1144 2778 175;
1170 2732 1228 2781 11„
1240 2734 1295 2776 18,
1324 2733 1391 2770 151
1406 2737 1444 2771 et
1467 2735 1551 2779 1523
1575 2734 1643 2778 IV,

196 2797 318 2842 ·155;
345 2798 394 2842 v,
420 2797 482 2841 61;
508 2794 574 2839 VI,
600 2797 656 2839 19,
682 2796 739 2839 27,
765 2796 828 2840 98;
852 2792 939 2839 vn,
965 2794 1044 2837 140,
1069 2793 1155 2837 2193
1180 2792 1286 2836 vm,
1312 2793 1369 2837 20,
1395 2795 1452 2838 30,
1478 2794 1637 2839 96,135;

227 2857 294 2903 1x,
320 2858 377 2903 33,
403 2857 460 2903 35,
486 2857 544 2901 43,
571 2856 651 2894 100.
701 2856 758 2895 ef.
782 2851 1100 2897 Dahlinannuml.
1123 2855 1146 2892 1.
1172 2864 1209 2902 p.
1233 2855 1314 2892 103.

1406 2917 1430 2953 4
