1855 3214
153 0 173 7 ’τ’
203 0 243 13 ”a
260 0 316 26 [τ’
372 0 373 3 ’
407 2 424 8 >⁴
448 0 531 20 ⁹⁷21--
543 0 642 22 ’ἧστ’-ἰ’
654 0 663 5 ”
680 0 698 6 «Ἴ
709 0 727 15 ·;,·
760 1 768 14 x
780 0 838 20 ‘'fl''
848 0 893 17 r*
1022 0 1608 30 ⁴V·=”‘<1*YT-‘!*=”wtv⁷⁷*‡*732{¹›q‘z‘’ss;tmwfi„g.
1615 0 1677 21 *327-
1696 0 1740 33 βυ,

239 35 241 39 .
522 27 525 30 ⁴
730 29 733 31 ·
1037 26 1134 35 .‹->
1212 24 1247 32 ι-
1282 23 1297 42 ςῚ
1372 25 1442 39 -ὲἹ
1493 27 1507 44 Ι.
1570 25 1644 37 ,1.,4
1684 22 1733 44 ,ζουμ

920 276 974 316 36

235 407 369 449 terris
400 405 663 449 adscribitur
680 405 821 462 (Eum.
855 418 890 447 v.
927 409 1008 448 767
1042 404 1139 459 sq.).
1201 404 1334 447 Recte
1365 416 1469 448 sane
1488 403 1652 448 monuit

234 478 279 534 (l.
313 477 339 519 l.
373 489 412 530 p.
447 477 555 532 407)
587 475 953 529 Naegelsbachius
982 475 1048 518 his
1080 474 1182 518 locis
1216 474 1268 517 de
1300 475 1364 527 iis,
1397 474 1470 528 qui
1491 474 1649 517 mortui

230 549 411 591 heroum
442 548 533 591 loco
565 547 800 591 venerandi
832 560 924 591 esse
957 550 1228 602 putarentur⁷
1273 559 1364 590 esse
1396 559 1646 591 sermonem.

233 622 304 674 At,
335 621 527 674 quamvis
559 619 665 662 illud
697 620 788 663 viro
823 620 1069 663 doctissimo
1101 619 1344 673 concedam,
1376 619 1473 662 aliis
1503 622 1646 662 tamen

234 692 337 736 locis
369 704 436 735 me
468 703 560 735 esse
592 690 971 746 comprobaturum
1002 704 1150 745 spero,
1183 691 1471 735 conscentiam
1495 703 1652 734 memo-

235 765 430 817 riamque
462 775 607 806 omnes
639 763 683 805 in
714 766 851 806 morte
885 763 937 806 de
969 762 1166 815 Aeschyli
1206 763 1420 806 sententia
1451 763 1650 807 retinere.

233 835 428 889 Namque
459 847 641 888 poenae,
688 844 797 888 quae
845 847 896 877 ex
936 835 1117 877 mortuis
1149 835 1383 889 exigendae
1416 838 1527 887 sunt,
1569 846 1654 877 non

237 911 286 950 ut
315 908 360 949 in
390 918 515 960 reges
546 906 682 949 solum
729 907 804 949 sed
848 906 891 948 in
923 909 1059 949 totum
1091 918 1225 959 genus
1257 906 1500 949 humanum
1520 906 1651 960 perti-

236 982 386 1022 nentes
419 981 820 1022 commemorantur.
882 977 991 1020 Vide
1024 978 1146 1020 Eum.
1179 990 1217 1023 v.
1254 980 1336 1021 269
1370 990 1451 1033 sq:

269 1071 374 1132 ὄψει
409 1072 456 1117 δὲ
490 1074 559 1117 κεῖ
585 1090 656 1122 τις
689 1070 822 1122 ἄλλος
854 1070 1012 1130 ἤλιτεν
1044 1073 1223 1131 βροτῶν

265 1143 295 1202 ἢ
328 1140 448 1189 θεόν
478 1142 509 1200 ἢ
543 1144 671 1195 ξένον
704 1140 790 1188 τιν’
823 1141 1000 1203 α’σεβῶν
1030 1143 1061 1202 ἦ
1093 1144 1252 1192 τοκέας
1285 1144 1456 1201 φίλους,

264 1212 421 1275 ἔχονθ’
454 1220 644 1259 ἕκαστον
676 1217 762 1271 τῆς
795 1215 918 1271 δίκης
952 1212 1125 1266 ἐπάξια.

263 1287 408 1346 με’γας
439 1285 524 1346 γάρ
546 1283 720 1343 ”Αιδης
753 1287 877 1331 ἐστὶν
910 1284 1113 1337 εὔθυνος
1144 1288 1323 1345 βροτῶν

269 1358 431 1414 ἔνερθε
464 1353 652 1417 χθονός,
685 1354 972 1417 δελτογράφῳ
1006 1358 1052 1401 δὲ
1085 1355 1223 1402 πάντ’
1254 1360 1418 1416 ἐπωπᾷ
1452 1357 1625 1416 φρενί.“

236 1444 280 1486 et
313 1441 436 1487 Eum.
467 1454 507 1486 v.
544 1444 724 1496 334sq.:

325 1514 496 1565 ,,τοῦτο
529 1509 614 1572 γάρ
646 1513 784 1571 λάχος
817 1512 1031 1556 διανταία

325 1579 463 1643 Μοῖρ’
494 1583 744 1629 ἐπέκλωσεν
776 1583 983 1642 ἐμπέδως
1016 1583 1152 1643 ἔχειν,

325 1657 518 1701 θνατῶν
549 1664 697 1700 τοῖσιν
730 1651 1008 1714 αὐτουργίαι
1042 1655 1331 1714 ξυμπέσωσιν
1358 1651 1558 1712 μάταιοι,

292 1728 420 1785 ζτοῖς
454 1725 689 1786 ὁμαρτεῖν,
723 1722 825 1784 ὄφρ’
858 1724 915 1771 ἄν
948 1728 1038 1786 γοῖν
1071 1724 1281 1786 ὑπέλθῃ·
1313 1723 1476 1770 θανών
1509 1722 1547 1769 δ’

892 1793 972 1842 οὐκ
1006 1796 1123 1857 ἄγαν
1156 1794 1441 1855 ἐλεύθερος.“

237 1888 281 1927 et
314 1883 462 1937 Suppl.
499 1885 585 1926 228
621 1895 699 1936 sq„
733 1895 858 1935 quem
883 1882 1020 1925 locum
1047 1887 1136 1934 lam
1168 1895 1297 1935 supra
1329 1885 1384 1936 (p.
1404 1883 1477 1937 29)
1510 1883 1658 1925 lauda-

235 1955 386 1997 vimus.
481 1952 566 2010 (Cf.
636 1953 783 2007 Suppl.
847 1966 884 1995 v.
949 1956 1204 1996 414-416
1268 1957 1312 1996 et
1373 1952 1559 2009 Choeph.
1620 1967 1658 1997 v.

242 2027 514 2076 324—325.)

355 2107 487 2161 Atqui
518 2107 729 2161 quomodo
762 2107 927 2161 possint
956 2120 1118 2162 poenae
1151 2109 1376 2152 criminum
1401 2109 1515 2163 exigi
1530 2112 1658 2163 atque

238 2181 312 2233 lui,
346 2180 428 2222 nisi
460 2179 562 2222 insit
593 2179 637 2221 in
666 2179 846 2221 mortuis
877 2180 1136 2223 conscientia
1167 2185 1209 2223 et
1242 2182 1468 2233 memoria,
1502 2193 1555 2223 ne
1586 2194 1654 2224 co-

250 2252 381 2305 gitari
413 2250 585 2304 quidem
631 2253 785 2304 potest.
847 2252 985 2304 Reges
1033 2256 1177 2295 autem
1223 2254 1380 2295 mortui
1425 2251 1656 2296 honoribus

243 2323 392 2375 solum,
425 2321 578 2375 quibus
608 2325 802 2374 utuntur,
835 2334 861 2365 a
892 2322 1055 2377 reliquo
1088 2327 1355 2368 mortuorum
1375 2336 1506 2379 grege
1538 2323 1656 2366 diffe-

239 2399 356 2448 runt,
389 2393 503 2448 quod
524 2393 709 2447 quidem,
740 2396 856 2448 pum,
890 2400 955 2438 est
984 2396 1205 2439 residuum
1237 2397 1449 2450 quoddam
1480 2396 1658 2439 Homeri

234 2466 468 2519 religionis.
532 2465 641 2508 Vide
674 2464 861 2519 Ghoeph.
896 2469 980 2509 255
1014 2479 1100 2520 sq.:

239 2548 400 2606 ,,φι’λος
434 2547 603 2606 φίλοισι
636 2556 733 2598 τοῖς
766 2552 852 2593 ἐκεῖ
885 2551 1027 2599 καλῶς
1060 2552 1260 2596 θανοῦσι

237 2617 352 2665 κατά
386 2618 562 2680 χθονός
595 2621 847 2678 ἐμπρέπων

236 2689 522 2750 σεμνότιμος
554 2685 774 2751 α’νάκτωρ,

239 2759 480 2822 πρόπολός
512 2781 561 2808 τε
593 2764 688 2808 ταῖν
720 2764 948 2824 μεγίστων
981 2766 1185 2826 χθονίων
1218 2771 1304 2813 ἐκεῖ
1336 2764 1595 2828 τυράννων·

240 2831 456 2894 βασιλεύς
487 2832 572 2896 γάρ
603 2832 680 2894 ἦν,
714 2832 816 2896 ὄφρ’
847 2838 934 2895 ἔζη,
965 2834 1172 2897 μόριμον
1203 2839 1339 2900 λάχος
1370 2828 1598 2898 περαίνων

238 2913 391 2966 χεροῖν
424 2905 700 2966 πεισιβρότῳ
733 2925 783 2951 τε
814 2905 1036 2968 βάκτρῳ“.

1740 0 1855 33 ’Ὕέῗέἶὲ
