1855 3214
909 235 962 274 58

588 358 739 420 ,ῥοπή
771 356 809 405 δ’
841 364 1077 406 ἐπισκοπεῖ
1109 359 1233 409 δίκας

591 438 748 492 ταχεῖα
780 429 889 482 τούς
921 437 1011 491 μὲν
1041 436 1091 477 ἐν
1122 429 1242 489 φάει,

592 500 649 547 τοὶ
684 499 722 547 δ’
754 508 803 548 ἐν
833 504 1091 564 μεταιχμίῳ
1128 499 1300 548 σκότου

593 575 722 634 μένει
756 574 1049 636 χρονίζοντας
1082 571 1182 635 ἄχη,

591 642 701 697 τούς
734 643 771 692 δ’
802 644 997 706 ἄκρατος
1030 650 1117 706 ἔχει
1151 643 1257 698 ’νύξ’6
1278 647 1350 705 ⁷⁷).

308 719 436 769 *Jam
476 731 577 763 vero
618 724 891 764 transeamus
929 719 985 763 ad
1027 718 1309 774 Herodotum,
1346 722 1395 763 ut
1436 712 1638 774 'quemad-

216 792 388 835 modum
421 792 665 837 consentiat
696 805 793 836 cum
823 792 1033 847 Aeschylo
1066 804 1381 847 cognoscamus,
1434 790 1639 845 quemad-

217 864 394 907 modum
425 863 481 907 ab
514 864 587 907 illo
620 869 862 918 superetur

339 936 608 980 Herodotum
642 937 822 979 deorum
848 936 1058 990 J'ustitiae,
1089 947 1174 989 qua
1204 935 1537 990 uniuscujusque
1570 934 1636 978 fa-

216 1007 373 1050 cinoris
406 1019 567 1061 poenas
600 1011 783 1059 sumant,
816 1007 1028 1050 rationem
1057 1005 1271 1059 habuisse,
1304 1007 1349 1050 in
1380 1017 1638 1064 unaquaque

217 1080 360 1133 operis
397 1080 569 1133 pagina,
610 1083 659 1122 ut
697 1079 759 1121 ita
797 1079 949 1131 dicam,
992 1079 1174 1122 inveniri
1212 1082 1363 1132 potest,
1418 1082 1467 1122 ut
1502 1090 1638 1133 paene

218 1151 448 1195 historiam
481 1163 530 1194 eo
563 1151 737 1196 consilio
768 1151 1053 1206 composuisse
1092 1150 1304 1195 videatur.
1368 1150 1453 1195 Sed
1485 1152 1640 1194 attinet

218 1226 391 1265 tantum
425 1223 622 1276 exempla
654 1224 867 1276 quaedam
905 1223 1113 1277 proferre.
1177 1222 1293 1265 Deus
1338 1221 1510 1266 obtudit
1546 1223 1636 1266 ani-

214 1306 304 1337 mos
337 1292 615 1347 Graecorum,
647 1299 696 1338 ut
728 1294 1009 1349 TroJanorum
1040 1293 1184 1337 verbis
1215 1293 1343 1337 fidem
1373 1306 1459 1338 non
1476 1294 1636 1338 haben-

213 1369 281 1408 tes
315 1365 490 1420 Trojam
522 1366 716 1410 funditus
748 1369 995 1410 everterent
1025 1365 1101 1422 (II,
1137 1364 1260 1424 120):
1312 1361 1435 1417 „0222’
1465 1362 1521 1410 οὐ
1550 1363 1636 1424 γάρ

214 1436 339 1496 εἶχον
373 1437 584 1496 (Trojani)
617 1435 812 1495 Ἑλένην
844 1434 1118 1488 ἀποδοῦναι,
1171 1432 1278 1481 οὐδὲ·
1320 1437 1515 1496 λέγουσιῑ
1543 1434 1634 1482 ani-⁴

211 1515 329 1552 τοῖσι
380 1504 469 1565 τήν
517 1505 758 1566 damaim:
792 1509 1036 1554 ἐπίστευον
1089 1510 1129 1553 οἱ
1152 1505 1401 1565 ’Ἐλ).ηωες,.
1440 1504 1497 1558 οἷς
1544 1512 1634 1568 μὲν

311 1688 357 1734 ¹⁷)
384 1689 488 1733 Quae
511 1699 622 1734 quum
646 1688 699 1724 ita
724 1688 807 1730 sint,
833 1688 1012 1734 Aeschyli
1037 1687 1251 1734 religionem
1278 1687 1349 1724 sibi
1367 1690 1548 1732 constare,
1573 1700 1635 1725 ne-

209 1748 290 1794 gari
315 1758 389 1783 non
415 1750 550 1794 potest,
578 1758 691 1793 quare
718 1756 800 1783 cum
825 1747 1022 1783 Welckero
1057 1758 1131 1783 non
1157 1747 1359 1790 consentio,
1385 1736 1450 1793 qui
1470 1741 1523 1783 ita
1547 1749 1584 1796 (1.
1610 1749 1633 1787 l.

205 1819 241 1854 p.
267 1806 340 1854 98.)
368 1808 532 1843 disserit:
567 1807 663 1850 „Ein
694 1807 961 1854 vollstandiges
995 1807 1070 1843 und
1102 1807 1495 1848 iibereinstimmendes
1522 1806 1633 1845 Glan-

205 1868 439 1914 benssystem
463 1867 587 1904 wiirde
614 1878 680 1903 aus
707 1868 788 1903 dem
814 1867 1086 1904 dramatischen
1112 1867 1268 1904 Dichter
1298 1867 1633 1908 kaum·herzustel-

204 1927 264 1963 len
290 1928 380 1970 sein,
409 1928 504 1964 auch
529 1939 635 1964 wenn
661 1927 740 1963 sich
768 1927 973 1964 annehmen
997 1928 1118 1971 liesse,
1162 1928 1249 1964 dass
1275 1939 1315 1963 es
1340 1928 1377 1963 in
1415 1927 1489 1965 ihm
1519 1929 1635 1975 vellig

209 1988 396 2023 bestimmt
419 1987 495 2023 und
521 1987 757 2033 ausgebildet
782 1987 939 2034 gelegen
964 1988 1065 2023 hatte
1089 1987 1164 2023 und
1189 1988 1226 2022 in
1251 1987 1538 2030 verschiedenen
1550 1989 1633 2025 Zei-

202 2050 265 2083 ten
292 2048 372 2084 sich
396 2048 433 2083 in
459 2039 563 2083 allen*
583 2046 747 2084 Stucken
774 2046 1094 2094 gleichgeblieben
1120 2046 1250 2084 ware‘ss
1298 2044 1525 2094 Aeschylum
1550 2059 1631 2085 sen-

202 2109 270 2143 sim
293 2108 340 2143 ad
355 2119 408 2151 ea,
435 2117 531 2153 quae
557 2107 603 2142 de
628 2107 739 2142 rebus
765 2107 897 2143 divinis
924 2118 1050 2143 secum
1068 2107 1248 2149 statuerit,
1274 2107 1498 2153 pervenisse,
1523 2098 1633 2143 vehe-

201 2170 343 2204 menter
369 2167 557 2210 concedo;
584 2166 752 2202 concedo*
775 2177 886 2214 porro
914 2166 1226 2213 Naegelsbachio,
1253 2168 1413 2202 veterum
1431 2166 1631 2204 divinitatis
1691 2160 1693 2162 ¹
1754 2158 1757 2162 ⁴

201 2228 387 2265 notionem
413 2239 487 2264 non
507 2230 587 2263 ¹tam
613 2237 722 2273 quam
748 2229 911 2278 nostram
936 2238 1020 2263 esse
1038 2230 1194 2271 castam3
1220 2237 1304 2262 nam
1315 2226 1525 2274 Aeschylus
1539 2238 1628 2273 quo-

199 2290 270 2334 que
295 2299 379 2324 mea.
403 2287 551 2334 quidem
576 2287 760 2323 sententia
785 2298 858 2324 non
887 2288 987 2324 omni
1011 2287 1159 2324 omnino
1197 2287 1285 2323 vitio
1324 2287 1459 2338 exemit
1493 2298 1627 2339 numen

198 2348 370 2392 divinum,
413 2347 512 2394 quod
535 2347 625 2384 illud
651 2359 697 2384 ex
721 2347 884 2384 vindicta
923 2348 1096 2394 gaudium
1122 2358 1256 2394 capere
1294 2350 1457 2393 putaret:
1507 2347 1625 2394 (Eum.

197 2419 231 2446 v.
256 2408 475 2453 560-563).

486 2465 594 2515 ,.γελᾷ
619 2465 657 2503 δὲ
682 2465 818 2512 δαίμων
841 2465 898 2503 ἐπ’
922 2464 1026 2514 ἀνδρὶ
1049 2465 1190 2513 θερμῷ,

482 2526 698 2564 τᾶνοῖἶποτ“
723 2524 883 2572 αὕχοὸντ’
908 2525 995 2564 ἰδών
1019 2526 1215 2574 ἀμαχάνοις

482 2585 584 2625 δύαις
608 2584 793 2623 λαπαδνδν
818 2584 896 2624 ου’δ’
919 2586 1131 2634 ὗπερθέοντ’
1154 2585 1313 2635 &inpast-

288 2649 352 2690 At,
378 2658 451 2693 quo
471 2648 557 2695 jure
580 2647 906 2694 Naegelsbachius
921 2648 1162 2691 contenderit,
1188 2650 1332 2685 veteres
1352 2648 1413 2684 dei
1436 2647 1621 2685 notionem

193 2708 387 2753 quaesisse
420 2708 567 2753 quidem
608 2719 728 2754 neque
765 2711 889 2744 temen
925 2708 1122 2751 invenisse,
1162 2719 1235 2743 non
1277 2708 1394 2746 video.
1441 2709 1621 2745 Invenere

192 2767 375 2814 profecto,
401 2768 472 2803 nisi
497 2768 595 2814 quod
621 2779 806 2814 nunquam
831 2768 1035 2812 crederent,
1072 2769 1261 2805 materiam
1299 2779 1322 2804 a
1346 2768 1417 2806 diis
1451 2780 1534 2806 esse
1572 2781 1618 2806 ex

191 2828 305 2863 nihilo
332 2828 478 2864 factam.
529 2829 758 2875 Quamquam
783 2840 857 2866 non
883 2830 1014 2867 attinet
1049 2829 1119 2896 hoc
1143 2829 1227 2866 loco
1252 2840 1332 2865 eam
1356 2840 1433 2865 rem
1446 2830 1614 2877 pluribus

191 2889 377 2935 persequi.
