1855 3214
1322 0 1346 16 {¹1
1364 0 1480 23 ²·”1f'3’rr
1488 0 1667 27 *five-fifiw'zxoels
1676 0 1855 29 *ysvtrfisffixffffnffqz‘i

1535 28 1537 32 ,
1572 24 1695 39 ‘'spx'‘
1760 23 1850 30 ,.,,

917 287 973 332 34

349 419 514 473 Dignus
546 432 734 474 prorsus,
777 421 850 473 qui
882 421 1249 471 commemoretur,
1295 420 1361 460 est
1402 417 1519 460 loeus
1557 413 1648 457 hic:

229 491 280 544 (Ι,
316 492 405 549 31.)
438 491 607 536 Cleobis
654 495 697 534 et
742 490 882 545 Biton,
930 503 1059 545 quum
1107 493 1289 533 matrem
1337 488 1392 532 ad
1443 484 1650 541 templum

225 552 412 607 'Junonis
453 575 581 606 curru
636 564 865 617 vexissent,
915 574 1133 617 quumque
1179 561 1253 605 illa
1300 561 1424 604 deam
1474 559 1652 613 precata

231 640 358 688 esset,
390 639 439 678 ut
469 634 577 678 filios
609 636 768 689 optimo
800 634 991 689 praemio
1024 637 1212 686 ornaret,
1243 632 1373 687 sopiti
1405 644 1428 674 e
1458 631 1548 673 vita
1579 641 1651 671 ex-

229 709 463 750 cesserunt.
526 706 728 758 Quamvis
760 706 817 748 sit
851 705 1125 758 credendum,
1153 703 1383 759 juvenibus
1414 702 1493 745 hoc
1524 712 1648 755 prae-

229 778 361 820 mium
394 776 563 833 dedi-sse
593 776 818 829 Junonem,
856 776 1101 819 Herodotus
1133 779 1276 819 tamen
1315 773 1491 832 addidit
1521 772 1652 815 haec:

230 848 424 900 ,διέδεξέ
456 865 505 891 τε
539 851 588 891 ἐν
619 844 824 891 τούτοισι
873 844 899 889 o‘
932 843 1072 895 θεός
1112 843 1169 895 οἷς
1211 844 1413 904 ἄμεινον·
1453 845 1520 899 εἴη
1562 837 1650 886 α’ν-

230 914 390 977 ὃρώπῳ
423 914 651 964 τεθνάναι
690 918 869 977 μᾶλλον
898 915 930 975 ἢ
963 914 1137 972 ζώειν“.
1202 916 1283 961 Cui
1325 913 1542 962 consimile
1585 915 1652 958 est

226 989 326 1033 libri
358 991 392 1044 Ι,
425 1005 459 1035 c.
498 994 599 1035 105:
658 991 784 1044 ,,τῶν
825 987 1037 1034 πλεόνων
1069 985 1293 1033 Σκυθέων
1335 981 1649 1046 παρεξελθόν-

228 1079 322 1107 των
362 1057 557 1107 α’σινέων
600 1057 743 1121 ὀλίγοι
785 1065 909 1111 τινὲς
939 1058 1094 1106 αὐτῶν
1133 1056 1500 1117 ὑπολειφθέντες
1542 1052 1650 1101 ἐσύ-

226 1136 370 1191 λησαν
402 1135 486 1190 τῆς
528 1130 745 1192 οὐρανίης
781 1128 1061 1192 Ἀφροδίτης
1097 1130 1162 1177 ’τό
1203 1128 1306 1190 ἱρόν
1309 1163 1497 1177 .....
1531 1135 1649 1173 τοῖσι

226 1206 274 1250 δὲ
314 1206 408 1251 τῶν
446 1205 669 1249 Σκυθέων
720 1200 939 1262 συλήσασι
981 1204 1037 1249 τό
1084 1200 1184 1263 ἱρόν
1215 1202 1269 1248 τό
1310 1208 1359 1248 ἐν
1398 1197 1651 1249 Ἀσκάλωνι

225 1278 298 1322 καὶ
316 1284 434 1322 τοῖσι
462 1273 643 1321 τούτων
674 1273 742 1319 αἐὶ
777 1274 1000 1334 ἐκγόνοισι
1020 1280 1237 1335 ἐνέσκηψε
1256 1271 1280 1318 0‘
1313 1272 1416 1319 θεό
1432 1269 1650 1331 ςθήλεαν

224 1350 439 1394 νοῦσον“.’
504 1347 588 1405 (Of.
621 1348 696 1403 VI,
730 1351 818 1403 82.)

342 1421 494 1474 Itaque
528 1421 678 1472 elucet,
717 1420 986 1463 Herodotum
1016 1423 1205 1463 nontam
1228 1431 1433 1474 personas
1458 1417 1645 1472 singulo-

223 1504 320 1536 rum
354 1492 531 1536 deorum
564 1504 692 1546 quam
724 1492 966 1546 generatim
994 1505 1152 1536 numen
1184 1491 1396 1545 devinum,
1435 1502 1518 1546 quo
1559 1489 1644 1534 sin-

223 1565 313 1617 guli
352 1564 412 1607 dii
451 1565 765 1613 contineantur,
808 1565 964 1608 mentis
996 1565 1131 1608 oculis
1162 1564 1332 1608 vidisse.
1395 1563 1543 1618 Neque
1581 1575 1646 1606 se-

223 1637 311 1679 cius
344 1637 388 1679 in
420 1638 507 1679 una
539 1636 774 1689 eademque
820 1648 868 1679 re
916 1636 1161 1680 enarranda
1203 1639 1248 1679 et
1295 1635 1556 1690 singularem
1602 1637 1646 1677 et
1694 1663 1701 1666 -

222 1708 436 1762 pluralem
468 1720 693 1752 numerum
726 1707 912 1761 exhibet,
956 1712 1004 1751 ut
1035 1700 1216 1762 intelligi
1247 1709 1394 1762 possit,
1433 1719 1528 1751 eum
1561 1719 1645 1750 non

222 1780 350 1823 aliam
383 1783 512 1833 atque
547 1780 760 1823 diversam
802 1779 1039 1824 divinitatis
1074 1780 1290 1824 notionem
1330 1792 1425 1823 cum
1462 1783 1645 1832 utroque

222 1863 399 1893 numero
433 1852 714 1906 conjunxisse.
777 1851 971 1905 Namque
1005 1852 1167 1910 Cyrum
1216 1851 1321 1894 facit
1366 1852 1428 1894 ita
1470 1851 1644 1904 loquen-

222 1926 329 1965 tem:
385 1923 436 1978 (I,
472 1923 590 1978 209.)
637 1923 780 1980 ,,ε’μεῦ
813 1924 938 1966 θεοὶ
980 1919 1200 1979 κήδονται
1246 1922 1320 1965 καί
1361 1938 1441 1979 μοι
1485 1917 1643 1964 πάντα

221 1991 572 2050 προδεικνύουσι
606 2010 643 2036 κ.
677 2010 716 2042 τ,
749 1994 826 2046 λ.“,
859 1994 915 2037 ad
947 2006 1056 2048 quae
1088 1994 1179 2048 ipse
1211 1993 1403 2037 addidit:
1438 1993 1490 2050 (I,
1526 1995 1643 2047 210.)

223 2081 312 2122 ,τῳ
349 2064 396 2108 δὲ
430 2065 583 2122 (Cyro)
618 2062 644 2108 0‘
676 2065 889 2123 ὃαιμων
921 2066 1175 2123 προέφαινε
1207 2081 1244 2110 κ
1277 2083 1317 2109 τ.
1351 2066 1418 2110 λ.“

342 2136 419 2193 (Of
454 2137 510 2190 ΙΙ,
547 2137 763 2193 120.)59)·

338 2208 436 2252 Jam
468 2221 570 2253 vero
602 2210 914 2264 perquiramus.

218 2401 316 2447 quod
356 2401 558 2437 Persarum
597 2401 747 2437 deorum
786 2400 955 2447 impietas
982 2411 1026 2437 eo
1051 2399 1133 2437 loco
1161 2402 1467 2437 commemoratur
1490 2401 1642 2448 propter
1716 2438 1721 2441 Δ

213 2461 353 2508 templa
378 2461 511 2497 deleta.

315 2521 360 2567 ⁶⁹)
384 2522 584 2568 Ingeniose
610 2522 656 2557 de
683 2533 727 2557 ea
752 2533 791 2557 re
817 2521 984 2568 disputat
1009 2520 1289 2558 Hoffmeisterus
1314 2522 1337 2558 1.
1362 2522 1385 2559 1.
1412 2533 1447 2569 p.
1474 2523 1519 2559 9:
1552 2521 1644 2566 „Boi

218 2582 360 2617 Homer
386 2582 468 2618 sind
494 2582 554 2617 die
582 2582 714 2619 Gotter
739 2582 975 2625 induviduell,
1008 2582 1082 2617 und
1107 2582 1167 2618 die
1192 2582 1433 2629 Vors-tellnng
1464 2583 1529 2619 der
1554 2583 1643 2619 Gat-

214 2646 307 2688 tung
331 2642 516 2688 mangelte
545 2643 703 2678 beinahe
730 2643 826 2678 noch
853 2642 935 2678 dem
960 2643 1008 2678 im
1032 2642 1192 2678 Einzeln
1214 2642 1396 2678 lebenden
1430 2642 1642 2678 kindlichen

216 2703 320 2739 Sinn.
370 2702 475 2738 Aber
501 2714 567 2739 aus
594 2703 666 2738 den
692 2703 812 2738 vielen
828 2702 986 2738 Gotoern
1011 2704 1150 2738 museto
1175 2702 1255 2738 sich
1271 2702 1454 2739 allmalich
1476 2703 1535 2738 di'e
1547 2702 1642 2739 Vor-

215 2762 377 2808 stellung
404 2763 504 2805 Gott,
528 2764 696 2799 Gottheit
720 2764 768 2798 im
782 2763 1046 2808 Allgemeinen
1070 2763 1259 2798 bestimmt
1276 2763 1546 2800 hervorbilden.
1571 2764 1643 2799 Die

217 2822 469 2858 menschliche
492 2823 680 2858 Vernunft
718 2822 807 2869 geht
831 2823 939 2858 einen
970 2823 1298 2860 unvermeidbaren
1322 2823 1641 2870 Entwickelungs-

213 2893 313 2928 gang
336 2893 418 2917 vom
437 2882 596 2917 Einzeln
621 2894 703 2918 zum
717 2882 976 2929 Allgemeinen
1002 2884 1077 2919 und
1102 2894 1173 2918 von
1201 2883 1267 2918 der
1277 2883 1446 2919 Vielheit
1470 2894 1536 2919 zur
1552 2883 1640 2919 Ein-

210 2941 297 2982 heit.
349 2943 399 2980 So
425 2942 547 2979 finden
571 2943 636 2979 wir
659 2943 696 2979 in
722 2942 803 2979 dem
831 2942 1009 2980 Zeitalter
1041 2943 1107 2980 des
1135 2943 1307 2980 Herodot
1332 2943 1390 2980 die
1415 2937 1640 2994 Artvorstel-
