1855 3214
851 184 903 234 17

174 326 346 369 nentem
376 321 587 377 attigisse.
647 322 780 366 Recte
810 333 914 365 sane
934 319 1228 364 Dahlmannus
1250 316 1425 374 monuit,
1459 315 1594 365 socie-

176 398 310 440 tatem
341 407 369 439 a
403 392 830 448 Carthaginiensibus
875 405 972 438 cum
1008 392 1151 436 Persis
1188 392 1246 436 ad
1277 390 1464 436 Graecos
1495 392 1594 436 sub-

176 468 353 522 igendos
372 467 524 512 initam
547 478 632 509 non
650 466 817 510 novisse
838 465 1117 518 Herodotum,
1149 464 1285 508 altum
1315 468 1432 509 certe
1462 465 1595 519 apud-

176 550 273 582 eum
316 551 369 583 ea
401 538 454 582 de
485 548 534 580 re
566 548 659 581 esse
702 536 920 580 silentium
968 537 1013 593 (1.
1046 537 1074 580 1.
1105 549 1146 591 p.
1185 540 1267 580 188
1300 536 1397 592 sq.).
1447 535 1596 590 Neque

177 611 333 655 attinet
363 622 427 664 ea,
459 621 568 664 quae
598 608 746 653 attulit
776 608 1084 660 Dahlmannus,
1108 612 1362 664 argumenta
1391 608 1470 652 hoc
1503 608 1596 652 loco

177 681 455 739 perscrutari,
499 682 574 726 sed
605 681 841 726 ostendisse
881 681 1168 734 Herodotum,
1213 681 1328 736 quod
1370 684 1599 725 enarraret

177 754 287 798 nlud
327 754 487 798 bellum
528 753 749 798 Siciliense
765 788 775 808 ,
821 766 848 797 a
891 754 1106 809 proposito
1146 765 1221 797 suo
1261 765 1348 797 non
1388 752 1597 797 aberrare

177 826 255 870 sed
285 838 378 870 rem
409 827 545 880 ipsam
576 837 706 879 agere
737 829 930 880 putasse,
977 826 1083 869 satis
1121 825 1226 868 mihi
1266 829 1344 870 est.
1408 825 1455 869 Si
1484 825 1598 869 enim

174 894 325 942 foedus
367 897 480 941 illud
495 932 505 952 ,
560 901 609 942 ut
650 897 946 941 Dahlmannus
986 896 1229 950 contendit,
1283 908 1432 941 eorum
1463 909 1596 952 pravo

176 970 318 1013 studio
349 970 575 1014 historiam
612 969 896 1024 perturbante
939 970 1070 1014 ictum
1102 973 1187 1022 est,
1241 969 1316 1026 qui
1368 972 1458 1012 tres
1499 969 1598 1012 illas

177 1052 359 1100 pugnas,
391 1041 506 1096 quod
537 1041 689 1086 eodem
718 1044 987 1097 spectarent,
1041 1041 1319 1097 conjunxere,
1367 1041 1441 1095 qui
1492 1041 1599 1085 duas

178 1127 231 1157 ex
254 1114 339 1157 illis
369 1114 519 1157 eodem
537 1114 606 1157 die
636 1117 849 1168 pugnatas
879 1126 973 1158 esse
1001 1113 1322 1166 fabulabantur,
1354 1112 1599 1157 Herodotus

175 1186 265 1241 jam
297 1185 382 1230 illis
414 1198 491 1241 pro
519 1185 726 1229 historiae
764 1185 952 1229 fontibus
983 1198 1085 1229 usus
1128 1188 1205 1239 est,
1245 1196 1381 1239 neque
1398 1218 1409 1239 ‚
1456 1198 1512 1229 an
1543 1186 1601 1229 sit

178 1269 340 1312 verum,
372 1257 486 1311 quod
529 1257 747 1311 audiisset,
780 1269 935 1311 necne,
968 1256 1168 1301 dubitare
1211 1256 1403 1310 videtur,
1435 1257 1599 1311 recepit

177 1330 310 1382 igitur
330 1329 593 1372 sententiam
609 1329 701 1383 jam
731 1341 810 1373 sua
841 1332 986 1373 aetate
1008 1329 1133 1383 longe
1155 1328 1326 1382 lateque
1353 1328 1599 1382 vulgatam:

178 1400 294 1458 (VII,
332 1400 451 1458 166.)
508 1395 652 1457 ,βιρδς
685 1399 733 1445 δὲ
766 1404 840 1446 καὶ
870 1395 979 1445 τάδε
1012 1400 1204 1459 λέγουσι,
1238 1395 1296 1449 ὥς
1329 1399 1501 1460 συνέβη
1518 1401 1602 1458 τῆς

182 1468 328 1529 αὐτῆς
368 1468 543 1530 ἡμέρης
576 1469 626 1517 ἕν
667 1488 717 1516 τε
748 1472 806 1533 τῇ
846 1471 1028 1531 Σικελίῃ
1070 1471 1256 1517 Γέλωνα
1293 1476 1369 1517 καὶ
1407 1469 1603 1531 Θήρωνα

183 1544 318 1589 νικᾶν
373 1538 603 1602 Ἀμίλκαν
649 1539 743 1602 cdv}
784 1538 1107 1604 Καρχηδόνιον
1169 1546 1243 1589 καὶ
1290 1547 1340 1589 ἐν
1372 1542 1602 1604 Σαλαμῖνι

182 1610 293 1665 τούς
312 1612 545 1673 ’Έλληνας
576 1610 662 1660 τόν
695 1615 921 1673 -Πέρσην“
936 1615 1016 1671 ²⁷).

300 1686 581 1743 Quamquam,
622 1700 723 1732 num
752 1687 998 1733 Herodotus
1037 1688 1152 1734 idem
1198 1692 1327 1744 atque
1357 1689 1602 1747 Aeschylus

183 1761 298 1817 apud
329 1761 529 1815 aequales
560 1761 760 1815 consequi
801 1761 998 1815 voluerit,
1041 1763 1147 1806 satis
1186 1762 1371 1806 dilucide
1415 1774 1501 1806 non
1525 1775 1599 1818 po-

183 1835 269 1877 test
298 1832 581 1888 comprobari,
610 1833 708 1888 Jure
740 1835 884 1876 tamen
915 1845 1009 1878 meo
1043 1834 1252 1878 contendo
1290 1832 1477 1879 Graecos
1509 1835 1600 1890 ejus

184 1897 365 1958 aetatis,
386 1917 517 1959 quum
547 1905 752 1958 legissent
776 1904 986 1949 Herodoti
1016 1906 1253 1960 historiam,
1284 1907 1476 1961 profecto
1511 1920 1604 1951 esse

184 1976 368 2020 imbutos
416 1975 571 2020 timore
619 1976 808 2019 deorum.
872 1976 1029 2020 Utrum
1071 1977 1205 2031 igitur
1250 1981 1376 2021 autor
1417 1990 1467 2021 eo
1505 1991 1602 2022 con-

185 2047 279 2092 silio
309 2047 535 2092 historiam
576 2047 900 2103 conscripserit,
946 2061 1003 2092 an
1053 2049 1305 2104 inconsulto,
1345 2062 1429 2104 qua
1471 2050 1604 2095 fuerit

186 2119 329 2164 indole
361 2124 491 2174 atque
521 2132 626 2174 erga
657 2120 758 2164 deos
794 2120 968 2174 pietate,
1010 2121 1118 2164 illud
1154 2121 1327 2175 fecerit,
1360 2122 1454 2177 quis
1486 2127 1602 2167 certo

187 2193 297 2237 scire
326 2193 500 2248 potest?
533 2192 689 2236 Omnes
719 2203 821 2237 vero
854 2191 1062 2238 Graeciae
1094 2194 1289 2239 civitates
1304 2228 1314 2248 ,
1359 2207 1468 2249 quae
1508 2207 1606 2239 con-

183 2265 358 2321 Junctae
413 2269 542 2320 atque
598 2265 886 2319 consociatae,
934 2266 1205 2310 contentione
1263 2266 1316 2310 de
1363 2267 1608 2322 principatu

190 2337 396 2392 deposita,
430 2341 579 2382 contra
618 2337 830 2382 barbaros
859 2349 1054 2392 pugnare
1094 2338 1324 2393 deberent,
1359 2338 1610 2383 historicum

189 2413 383 2453 nostrum
413 2422 492 2465 pro
524 2412 611 2455 una
647 2413 776 2465 gente
817 2414 946 2465 atque
983 2410 1138 2466 populo
1178 2409 1399 2464 habuisse,
1436 2411 1528 2466 jam
1559 2424 1609 2456 eo

225 2548 228 2551 '
288 2541 337 2590 ¹⁷)
362 2542 616 2579 Dahlmannus
643 2543 680 2591 (l.
705 2542 728 2586 1,
753 2554 790 2590 p.
814 2541 912 2589 186.)
938 2542 992 2579 sic
1007 2543 1215 2590 disputans:
1241 2542 1434 2587 „Herodot
1446 2543 1610 2591 gedenkt

190 2601 266 2640 des*
281 2602 493 2654 sicilischen
506 2603 666 2650 Krieges
692 2602 758 2639 der
767 2602 959 2650 Kathager
976 2603 1038 2638 bei
1048 2603 1292 2650 Gelegenheit
1303 2602 1369 2639 des
1381 2604 1602 2651 persischen

186 2663 226 2700 in
247 2662 379 2700 Hellas
402 2663 478 2700 uud
502 2663 557 2700 als
580 2663 762 2711 ungefahr
787 2661 870 2711 (sic)
895 2663 933 2699 in
958 2663 1018 2700 die
1036 2663 1121 2700 Zeit
1145 2663 1333 2710 gehorig“.
1358 2665 1470 2711 paulo
1498 2666 1606 2702 nimis

189 2732 258 2770 pro
283 2719 377 2760 focis
400 2723 488 2759 mihi
510 2723 654 2760 videtur
667 2723 815 2760 dixisse.
866 2723 973 2769 Quod
999 2723 1061 2759 ille
1088 2723 1286 2766 contendit,
1311 2724 1495 2761 Herodoti
1519 2736 1606 2772 ope-

166 2776 168 2778 ’
188 2783 240 2820 rio
265 2785 489 2832 eseecaput
510 2782 647 2820 benum
669 2783 873 2829 Persicum,
898 2783 1133 2821 vehementer
1156 2783 1332 2828 concedo,
1374 2795 1506 2833 neque,
1541 2785 1606 2833 qui

190 2847 340 2891 negent,
364 2844 609 2884 inveniuntur.

1379 2906 1403 2946 3
