1855 3214
894 246 951 288 24

201 390 331 433 quum
361 374 569 431 segitibus
599 375 781 419 incensis
814 377 1020 431 templum
1051 376 1318 421 combustum
1333 380 1464 421 :esset
1491 376 1624 422 Athe-

201 450 307 504 nae,·
333 448 406 492 ille
436 448 482 500 in
512 445 708 491 morbum
739 447 907 491 cecidit.
970 449 1238 504 Quamquam
1281 448 1506 493 audiamus
1548 461 1635 505 po·->

198 523 283 565 tius
314 520 605 565 Herodotum:
647 519 700 573 (I,
738 519 825 575 19.)
859 516 946 573 ,,ω“ς
981 517 1117 578 ἅφθη
1149 516 1345 580 τάχιστα
1376 514 1432 564 τό
1474 514 1623 577 λήιον,

202 589 357 652 οἷνὲμῳ
411 587 643 650 βιώμενον
695 587 849 649 ἅψατο
909 593 1024 649 νηοῦ
1068 587 1329 649 Ἀθηναίης
1390 590 1626 648 ἐπίκλησιν

201 661 461 720 Ἀσσησίης,
531 658 702 719 οἶφθεὶς
734 661 781 706 δὲ
815 657 841 704 o‘
874 659 985 719 νηός
1017 659 1295 720 κατεκαύθη,
1335 662 1408 707 καὶ
1440 660 1497 706 ‘co'
1529 679 1626 706 πα-

202 733 391 793 ραυτίκα
417 737 503 791 μὲν
535 728 668 793 λόγος
701 729 849 783 οὐδεὶς
881 733 1076 793 ἐγένετο,
1114 730 1240 792 μετοὲΙ
1275 733 1324 779 δὲ
1355 736 1439 793 τῆς
1452 739 1463 747 ’“
1482 749 1625 793 στρα-

202 808 304 864 τιῆς
337 800 625 865 α’πικομένης
657 808 702 854 ἐς
734 802 902 864 Σάρδις
935 801 1122 864 ἐνόσησε
1155 802 1181 850 o‘
1214 801 1494 864 Ἀλυάττης.
1534 824 1629 865 μα-

203 877 418 936 κροτέρης
452 876 506 921 δέ
533 879 575 921 οἱ
606 878 860 937 γενομένης
892 879 977 935 τῆς
1014 875 1204 923 νούσου,
1227 874 1403 937 πέμπει
1444 882 1489 928 ἐς
1519 877 1627 924 Δελ-

204 945 320 1006 φούς
358 944 735 1008 θεοπρόπους...
775 954 892 994 τοῖσι
935 948 983 993 δὲ
1025 945 1056 1006 ἦ
1100 949 1264 1006 Homo]
1305 945 1627 1008 οἶπικομένοισι

203 1023 247 1068 ἐς
290 1015 500 1079 Δελφούς
547 1016 629 1065 οὐκ
670 1023 757 1079 ἔφη
799 1019 985 1081 χρήσειν
1028 1020 1138 1079 πρὶν
1179 1018 1211 1078 ἢ
1259 1017 1345 1066 τόν
1384 1021 1500 1079 νηόν
1543 1022 1629 1078 τῆς

202 1088 467 1150 Ἀθηναίης
504 1088 851 1152 οἷνορθώσωσι“,
892 1109 930 1138 κ.
955 1094 1069 1147 τ.λ.,
1102 1092 1256 1148 quibus
1271 1097 1321 1137 ut
1338 1093 1628 1138 testimonium

198 1164 387 1209 addidit:
436 1165 655 1222 ,,Δελφῶν
696 1164 797 1209 οἶδα
841 1163 924 1224 ἐγώ
966 1164 1086 1210 οὕτω
1120 1160 1317 1215 οἰκούσας
1349 1161 1624 1225 γενέσθαι·“

197 1236 399 1295 Alyattes
431 1248 565 1290 quum
598 1236 681 1279 duo
714 1237 910 1281 Athenae
946 1238 1237 1281 exstruxisset
1269 1237 1441 1320 templa,
1473 1236 1622 1281 morbo

197 1308 406 1354 liberatus
436 1312 524 1353 est:
577 1308 628 1366 (I,
662 1307 753 1367 22.)
793 1312 899 1364 „aaz
932 1305 1014 1353 δύο
1046 1326 1096 1353 τε
1129 1305 1232 1355 α”ντ
1262 1306 1366 1358 ἑνος
1398 1304 1538 1366 νηούς
1569 1308 1629 1369 τῇ

196 1375 435 1441 ΗΛθηναιη
457 1375 774 1438 οικοὸόμησε“
748 1397 771 1423 ο
795 1375 1053 1439 Ἀλυάττης
1082 1384 1132 1427 ἐν
1153 1383 1211 1443 τῇ
1227 1376 1448 1439 Ἀσσησῷ,
1484 1375 1625 1430 αύτός

198 1465 247 1497 τε
280 1456 328 1497 ε”κ
359 1469 447 1509 της
478 1447 650 1497 νούσου
683 1447 898 1510 α’νέστη“.

274 1538 286 1552 ’
316 1526 510 1580 Itemque
527 1524 555 1569 J
557 1537 739 1570 unonem
770 1538 848 1582 pro
882 1526 963 1570 dea
982 1526 1250 1571 Herodotum
1271 1525 1487 1579 habuisse,
1505 1524 1620 1569 :hinc

197 1598 357 1643 elucet:
400 1596 495 1657 (IX,
533 1597 622 1654 61.)
657 1600 762 1650 ,,καὶ
796 1593 851 1641 ού
881 1593 976 1656 γάρζ
1006 1613 1086 1655 σφι
1130 1602 1303 1657 ἐγίνετο
1349 1594 1408 1641 τοὶ
1448 1595 1626 1656 σφάγια

200 1665 387 1729 χρηστοί,
421 1702 431 1712 .
463 1702 473 1712 .
508 1702 519 1714 .
547 1701 558 1712 .
591 1665 711 1712 οὕτω
775 1667 887 1713 ὥστε
933 1665 1221 1727 πιεζομένων
1261 1671 1354 1714 τῶν
1397 1669 1653 1729 Σπαρτιηρ

200 1757 316 1786 τεων
369 1739 443 1784 καὶ
484 1741 577 1784 τῶν
619 1740 825 1800 σφαγίων
879 1735 953 1785 ού,
982 1735 1242 1801 γινομένων
1291 1736 1627 1801 ἀποβλέψαντα

200 1810 287 1860 τόν
321 1811 601 1869 Παυσανίην
633 1808 750 1871 πρός
800 1810 856 1857 τό
888 1809 1085 1873 ιΗραῖον
1124 1809 1180 1857 τό
1220 1814 1498 1859 Πλαταιέων
1531 1816 1628 1857 ἐπι-

199 1884 503 1947 καλέσασθαι..Ι
532 1882 641 1943 την
683 1881 857 1942 θεόν,
890 1920 900 1931 .
935 1920 945 1931 ,
981 1919 990 1929 .
1025 1918 1036 1929 .
1069 1886 1140 1931 καὶ
1189 1892 1307 1932 τοῖσι
1339 1885 1630 1946 Λακεδαιμο-

204 1960 346 2005 νίοισι
382 1954 549 2003 αὐτίκα
572 1953 702 2017 ,μετοὲ
735 1953 999 2021 τήνλεύχην
1030 1954 1120 2016 τήν
1142 1961 1418 2005 Παυσανίεω
1452 1957 1627 2017 ἐγίνετο

210 2026 498 2092 θυομένοισι.
525 2027 583 2075 τοὶ
596 2026 787 2090 ,σφάγια
822 2026 992 2092 χρηστοὶ
1007 2036 1054 2073 ·‘.‘

318 2106 417 2149 Jam
448 2116 550 2148 vero
582 2103 805 2147 Herodoto
837 2104 1009 2147 videtur
1040 2115 1133 2147 esse
1165 2102 1376 2158 mirabile,
1409 2114 1463 2147 ne
1495 2114 1626 2145 unum

203 2178 375 2238 quidem
419 2177 658 2222 Persarum
700 2176 814 2221 circa
847 2175 1018 2220 Cereris
1059 2176 1202 2221 lucum
1246 2175 1539 2220 dimicantium
1580 2174 1624 2218 in

198 2252 340 2296 locum
379 2250 486 2294 deae
533 2253 752 2294 sacratum
800 2249 1043 2303 ingressum
1092 2248 1235 2304 ibique
1284 2249 1470 2293 occisum
1516 2259 1626 2302 esse,

200 2324 321 2380 cujus
353 2322 552 2367 miraculi
583 2334 758 2367 causam
793 2322 1058 2377 investigans
1096 2322 1215 2366 venit
1244 2321 1301 2365 ad
1338 2321 1447 2365 hanc
1487 2319 1624 2377 suspi-

201 2399 388 2441 cionem:
432 2396 525 2450 (IX,
572 2399 657 2450 65.)
701 2392 873 2448 „eonem
919 2394 981 2447 δέ,
1024 2394 1067 2438 εἴ
1103 2410 1146 2438 τι
1196 2397 1299 2451 περὶ
1348 2395 1441 2438 τῶν
1484 2392 1629 2437 θείων

201 2463 492 2529 πρηγμάτων
523 2463 698 2512 δοκέειν
730 2466 809 2522 δεῖ,
861 2463 891 2525 ἦ
922 2463 1037 2518 θεός
1069 2461 1187 2522 αὐτή
1230 2482 1371 2525 σφεας
1413 2459 1494 2511 οὐκ
1536 2460 1628 2510 ἐθέ-

200 2558 317 2594 κετο,
351 2536 674 2600 ἑαπρήσαντας
704 2535 762 2585 τό
779 2536 882 2600 ιρόν
912 2535 968 2584 τό
990 2543 1040 2585 ἐν
1059 2535 1287 2584 Ἐλευσῖνι
1308 2534 1627 2598 α’νακτόριον“.

320 2627 583 2682 Quibuscum
614 2625 716 2670 locis
748 2626 786 2670 si
815 2625 1047 2671 contuleris
1078 2625 1154 2669 hos
1185 2636 1351 2680 quoque
1382 2625 1504 2681 VIII,
1551 2626 1625 2668 36:

200 2696 225 2745 o‘
257 2699 305 2743 δὲ
346 2695 460 2749 θεός
502 2714 644 2756 σφεας
688 2693 769 2742 ουίι
811 2701 861 2742 ὲά
906 2693 1087 2751 κινέειν,
1152 2692 1243 2753 φοὲς
1284 2692 1429 2746 αὐτός
1471 2689 1627 2744 ἱκανδς

199 2771 317 2818 εἶναι
349 2772 443 2816 τοῖν
474 2771 649 2816 ἑωυτοῦ
681 2771 1054 2829 προκατῆσθαι“.
1096 2773 1140 2814 et
1181 2783 1215 2814 c.
1252 2772 1329 2813 37:
1374 2766 1502 2822 ,,ἑπεὶ
1541 2762 1627 2828 γοὲρ

201 2840 411 2901 &sohar
444 2839 657 2893 ἐπιόντες
692 2845 733 2889 οἱ
764 2840 992 2902 βάρβαροι
1026 2837 1142 2886 κατα
1174 2836 1230 2884 τό
1264 2835 1378 2899 ἱρόν.
1398 2839 1484 2897 τῆς
1498 2839 1654 2898 Προε

198 2915 331 2975 ναίης
371 2911 648 2977 Ἀθηναίης,
691 2919 741 2962 ἐν
778 2911 928 2977 τούτῳ
971 2917 1018 2960 ἐκ
1053 2917 1139 2974 μὲν
1179 2914 1264 2959 τοῦ
1307 2908 1513 2974 ούρανοῦ·
1553 2928 1628 2957 κε-
