1855 3214
899 252 951 296 18

219 381 359 436 colligi
390 381 503 435 licet,
545 383 657 436 quod
698 383 897 428 laudibus
953 383 1079 426 effert
1125 382 1406 430 Athenienses
1455 385 1634 437 propter

217 454 470 499 modestiam
514 457 557 498 et
600 465 724 498 omne
778 453 938 498 bellum
984 454 1263 501 domesticum
1312 453 1357 496 id
1408 457 1474 500 est
1522 454 1637 503 inter

217 526 405 570 Graecos
435 529 602 579 gestum
647 524 922 570 abominatur
967 529 1096 579 atque
1128 528 1375 572 aversatur:
1417 524 1555 582 (VIII,
1590 525 1635 582 3)

217 592 538 655 ,,οἷντιβα’ντων
584 595 632 640 δὲ
676 598 769 641 τῶν
825 592 1085 657 συμμάχων
1140 594 1263 641 εἶκον
1301 598 1343 640 οἱ
1383 591 1635 653 Ἀθηναῖοι

209 670 324 727 μέγα
357 667 665 725 πεποιημένοι
697 677 922 725 περιεῖναι
953 664 1043 725 τήν
1072 663 1289 720 ‘Elidem
1336 668 1416 712 καὶ
1411 662 1637 726 ξγνόντες,

215 743 254 784 εἰ
285 734 579 785 στασιάσουσι
624 739 727 800 περὶ
760 740 844 797 τῆς
894 735 1161 824 oy‘yspoow'vzg,
1209 756 1268 789 ως
1314 734 1559 788 απολὲεται
1604 733 1636 795 ἦ

211 808 390 863 ‘Elida
423 806 547 869 ὅρθα
579 813 812 862 νοεῦντες·
864 829 1023 861 στασις
1062 829 1153 871 γαρ
1194 807 1389 871 ἔμᾳύλος
1428 811 1637 869 πολέιφου

209 880 621 942 ὁμοφρονέοντος
653 880 857 943 τοσούτῳ
916 880 1076 929 κακιόν
1127 888 1223 929 ἔστι
1273 880 1361 945 ὅσῳ
1425 878 1632 942 πόλεμος

214 951 439 1013 εἰρήνης’.

329 1027 561 1073 Auctorem
602 1033 747 1072 autem
779 1031 973 1073 nostrum
1015 1027 1174 1072 talibus
1213 1027 1393 1082 aliisque
1425 1024 1636 1082 ejusmodi

209 1100 433 1142 sententiis
466 1100 587 1153 operi
620 1101 795 1142 intextis
828 1100 933 1142 nihil
972 1100 1091 1142 aliud
1122 1100 1273 1152 egisse,
1313 1099 1394 1141 nisi
1424 1102 1474 1141 ut
1504 1099 1634 1148 histo-

207 1170 319 1213 riam
351 1172 583 1221 memoriae
616 1171 826 1225 traderet,
870 1171 983 1226 quod
1015 1171 1108 1214 vult
1138 1170 1434 1215 Dahlmannus
1465 1169 1511 1227 (l.
1540 1169 1567 1212 l.
1591 1182 1633 1224 p.

209 1243 328 1297 213),
360 1243 464 1285 mihi
494 1256 579 1286 non
610 1255 782 1297 possum
820 1244 1105 1297 persuadere,
1148 1243 1342 1296 quamvis
1383 1241 1447 1285 illi
1486 1254 1633 1288 conce-

208 1314 321 1368 dam,
353 1314 622 1370 potissimum
647 1314 915 1359 Herodotum
938 1326 1115 1370 operam
1140 1314 1309 1359 dedisse
1339 1312 1633 1368 historiae.²⁸).

326 1387 426 1429 Jam
466 1387 611 1439 priore
665 1387 791 1440 hujus
851 1388 1165 1430 dissertationis
1226 1390 1350 1440 parte
1409 1389 1627 1439 perorata,

206 1457 390 1502 strictim
420 1458 687 1512 attingamus
717 1457 834 1502 illam
876 1469 1045 1512 quoque
1078 1457 1394 1516 quaestionem,
1420 1468 1522 1507 num
1546 1456 1631 1508 He-

205 1530 385 1573 rodotus
425 1530 478 1572 ab
512 1530 732 1588 Aeschyli
747 1530 891 1573 Persis
933 1530 1158 1579 consilium
1198 1542 1322 1579 suum
1352 1529 1630 1580 mutuaverit

205 1601 399 1656 Namque
431 1601 692 1660 Aeschylum
740 1602 924 1656 primum
967 1601 1085 1645 illam
1115 1601 1394 1650 sententiam,
1427 1612 1521 1655 qua
1541 1604 1631 1644 tres

204 1674 303 1716 illae
337 1674 542 1727 trilogiae
573 1674 745 1717 fabulae
770 1674 895 1727 quasi
920 1687 1007 1717 una
1041 1673 1334 1727 complexione
1361 1673 1634 1726 cohaereant,

203 1750 294 1789 tam
328 1745 515 1790 dilucide
558 1746 603 1789 in
634 1746 821 1789 medium
860 1745 1113 1800 protulisse,
1147 1744 1251 1796 mihi
1281 1745 1409 1800 plane
1441 1749 1507 1790 est
1536 1757 1633 1800 per-

202 1829 391 1871 suasum,
430 1818 687 1871 praesertim
719 1830 849 1872 quum
887 1818 1178 1873 PhrynichuS,
1227 1818 1301 1871 qui
1341 1817 1489 1871 paucis
1530 1820 1634 1868 ante

205 1890 356 1933 annis²
366 1888 400 1947 ⁹)
432 1889 690 1932 Phoenissas
724 1890 947 1943 docuerat,
989 1889 1213 1933 victoriam
1247 1888 1522 1940 Salaminiam
1553 1890 1634 1940 hac

202 1961 355 2005 fabula
387 1963 570 2015 opipare
610 1961 917 2015 illustravisset
959 1974 1096 2015 neque
1137 1961 1370 2015 quidquam
1409 1961 1496 2012 sibi,
1523 1963 1634 2017 ejus,-

202 2033 317 2076 modi
330 2032 495 2077 consilii
516 2033 915 2090 assumpsissiet³⁰).
941 2033 1201 2087 Negaverim
1218 2045 1332 2087 vero,
1365 2033 1632 2086 Herodotum

205 2105 370 2149 directo
403 2117 455 2148 ex
495 2105 700 2163 Aeschyli
725 2106 870 2149 Persis
901 2105 1095 2149 hausisse
1127 2106 1268 2159 operis
1299 2106 1365 2158 sui
1396 2106 1631 2160 consilium,

200 2176 314 2230 quod
346 2176 442 2230 ille,
496 2177 691 2234 quamvis
738 2176 978 2235 Aeschylus
1026 2190 1122 2221 cum
1166 2176 1346 2220 historia
1384 2176 1630 2236 Herodotea

202 2248 419 2306 discrepet
450 2275 508 2282 --
558 2261 709 2294 causas
750 2248 872 2303 belli,
912 2253 960 2293 ut
998 2249 1171 2294 nomina
1210 2251 1299 2293 tum
1347 2248 1501 2302 ducum
1537 2252 1630 2294 tum

198 2322 394 2375 gentium
450 2322 670 2374 omittam,
729 2321 969 2379 Aeschylus
1007 2321 1172 2366 inflexit
1219 2347 1277 2354 —-
1295 2322 1351 2375 ³¹)
1412 2334 1629 2377 nunquam

205 2392 414 2452 Aeschyli
445 2393 598 2437 habuit
627 2392 852 2447 rationem,
884 2393 998 2448 quod
1029 2392 1176 2439 facere
1214 2393 1364 2438 solitus
1391 2397 1469 2447 est,
1499 2406 1629 2450 quum

295 2606 343 2653 ¹'³)
369 2607 457 2644 Vid.
485 2607 667 2645 Creuzer:
693 2609 792 2644 Hist.
818 2609 867 2646 Κ.
894 2608 928 2644 d.
957 2608 1021 2646 Gr.
1047 2620 1083 2657 p.
1108 2608 1240 2657 270sq.
1590 2618 1591 2621 ’

293 2666 341 2714 ¹⁹)
367 2667 504 2714 Pagna
547 2667 748 2705 Salaminia
773 2667 830 2711 Ol,
858 2668 914 2712 75,
940 2670 979 2712 13
1016 2669 1250 2717 Phrynichus
1287 2670 1381 2707 obiit
1417 2669 1475 2709 01.
1501 2670 1556 2716 76,
1583 2671 1623 2718 2;

199 2726 340 2763 Persas
366 2728 578 2775 Aeschylus
605 2728 733 2766 docuit
757 2728 815 2772 Ol,
842 2730 898 2772 76,
922 2729 957 2765 4.

292 2786 455 2833 ¹⁰)Vid
479 2788 668 2825 Brentano
695 2789 719 2826 1.
746 2789 769 2825 1.
795 2800 830 2835 p.
857 2790 891 2826 9.
1636 2824 1639 2827 .

292 2845 645 2894 ³¹)Vid.sch1·itzii
671 2851 860 2887 comment.
893 2848 940 2884 ad
963 2849 1113 2893 Persas,
1156 2861 1192 2896 p.
1219 2851 1306 2897 7sq.
1344 2853 1390 2890 et
1405 2851 1615 2914 Baehrium,

194 2907 252 2943 ed.
278 2907 342 2945 alt.
366 2907 433 2951 IV,
460 2918 495 2954 p.
521 2907 603 2944 452.
