1855 3214
884 167 935 208 13

254 322 256 327 ,
327 297 657 351 Nonnunquam,
688 308 741 339 ne
769 297 843 351 qui
873 296 981 350 legit
1010 295 1126 349 quod.
1153 296 1209 338 sit
1234 294 1375 349 operis
1397 294 1619 337 consilium

204 368 496 422 obliviscatur,
528 368 733 423 quamvis⁴
750 368 897 423 paucis
925 380 1003 410 suo
1044 371 1188 410 tamen
1219 367 1310 410 loco
1342 365 1490 421 positis
1521 377 1616 410 ver-

205 440 271 484 bis
292 454 390 485 eum
415 443 542 485 autor
567 440 776 484 vadmonet
793 439 1057 484 Graecorum
1086 449 1315 493 eorumque
1335 436 1615 481 condicionis:

202 524 277 581 (H,
315 523 357 580 1)
390 519 672 581 ,,Καμβύοης
693 519 858 571 Ἴωνας
889 524 979 580 μὲν
1010 525 1083 566 καὶ
1115 520 1310 568 Αἰολέας
1343 516 1400 568 ὥς
1426 514 1617 567 δούλους

199 596 462 652 πατρωίους
494 589 657 644 ἐόντας
689 590 876 652 ἐνόμιζε,
925 592 1000 637 ἐπὶ
1033 591 1080 637 δὲ
1118 590 1362 652 Αἴγυπτον
1407 589 1613 635 ἐποιέετο

202 665 538 725 στρατηλασίην
570 662 735 716 ἄλλους
767 683 816 710 τε
848 661 1130 724 παραλαβών
1168 663 1262 707 ταῖν
1311 657 1421 723 ἦρχε
1454 660 1510 720 δή
1544 660 1616 705 καὶ

200 733 436 794 Ἑλλήνων
468 738 561 781 τῶν
593 738 879 794 emmim&
943 736 1028 781 cf:
1063 735 1140 794 (ΙΙ,
1177 736 1291 791 182.)

197 805 322 865 ·,,ε“ἶ9.ε-
348 808 397 853 δὲ
412 804 612 868 Κύπρον
629 805 864 867 (Apianae)
897 801 1077 867 πρῶτος
1110 803 1374 864 α’νθρώπων
1408 820 1446 847 κ.
1481 820 1521 847 τ.
1546 804 1615 846 λ.“

209 881 267 924 ad
301 889 428 934 quem
461 881 599 925 locum
630 881 746 924 haud
791 880 1056 924 incommode
1088 879 1314 922 adnotavit
1343 877 1397 921 H.
1424 875 1612 920 Steinius

204 952 329 1006 „Wie
356 952 477 996 ‘aber
517 953 595 996 der
626 951 853 996 Verfasser
893 952 961 995 die
1000 951 1186 1006 Episode
1236 949 1343 995 iiber
1388 948 1617 1007 Aegypten

200 1017 280 1066 mit
311 1024 448 1066 einem
479 1024 701 1067 Riickweis
734 1023 811 1067 auf
840 1023 908 1066 die
939 1023 1261 1077 UnterJ'ochung
1299 1022 1376 1065 der
1406 1020 1615 1064 Hellenen

198 1094 275 1138 auf
302 1094 399 1137 dem
440 1094 671 1138 Festlande
702 1094 953 1148 begonnen,
1000 1106 1046 1137 so
1077 1094 1272 1138 schliesst
1317 1105 1365 1136 er
1410 1092 1493 1145 sie,
1540 1103 1613 1134 um

196 1165 356 1209 wieder
391 1179 446 1209 an
477 1166 561 1209 den
591 1166 868 1221 Hauptfaden
885 1166 1025 1210 seiner
1041 1165 1291 1218 Erzahlung
1322 1177 1376 1207 zu
1397 1164 1611 1215 erinnern,

196 1236 275 1281 mit
312 1237 430 1281 einer
469 1237 695 1282 ahnlichen
744 1237 979 1282 Nachricht
1015 1238 1137 1282 iiber
1168 1237 1237 1281 die
1281 1236 1489 1280 Hellenen
1540 1234 1617 1278 auf

195 1308 405 1367 Cypros“.
469 1309 662 1364 Itemque
694 1309 770 1369 (11.
807 1310 1057 1366 152—154)
1091 1308 1247 1353 Graeci
1278 1308 1427 1367 (Jones
1455 1310 1499 1351 et
1530 1305 1613 1350 Ca-

195 1380 284 1437 res)
315 1380 675 1425 Psammetichum
715 1382 760 1425 in
798 1382 988 1440 Aegypti
1028 1393 1160 1435 regno
1203 1380 1448 1435 occupando
1491 1379 1612 1434 ade-

199 1455 318 1506 vant,
337 1464 471 1506 quare
496 1454 541 1496 in
556 1453 801 1512 Aegyptum
822 1455 985 1509 recepti
1004 1458 1115 1498 sunt.
1159 1452 1392 1508 Cambyses
1410 1451 1611 1504 GraecOS,

198 1524 472 1579 expeditione
505 1525 549 1567 in
580 1525 811 1580 Aethiopes
842 1526 952 1569 male
984 1529 1125 1580 gesta,
1166 1524 1346 1568 dimittit
1384 1524 1489 1582 (HL,
1524 1522 1612 1577 25),

196 1608 331 1651 neque
363 1596 600 1640 inconsulto
633 1597 878 1641 Herodotus
921 1597 965 1641 in
1001 1597 1085 1641 illis
1123 1595 1384 1651 regionibus,
1426 1596 1470 1638 in
1502 1607 1611 1652 quas

196 1668 356 1711 Darius
386 1671 569 1722 regnum
615 1681 737 1712 suum
784 1669 955 1723 divisit,
1005 1670 1307 1714 enumerandis
1347 1667 1611 1712 Graecorum

193 1739 412 1793 regionem
452 1740 589 1793 primo
635 1739 725 1783 loco
771 1741 913 1794 posuit
960 1741 1072 1797 (ΙΙΙ.,
1115 1737 1204 1797 90).
1279 1740 1428 1794 Neque
1472 1739 1611 1782 minus

194 1815 294 1865 apte
326 1810 485 1854 bellum
515 1812 628 1855 inter
659 1811 1021 1855 Lacedaemonios
1053 1816 1095 1856 et
1119 1808 1285 1856 Samios
1315 1815 1482 1865 gestum
1513 1823 1609 1865 per-

194 1886 351 1937 petuae
383 1883 568 1927 orationi
613 1884 815 1937 inseruit,
866 1885 1022 1939 quippe
1078 1885 1191 1939 quod
1221 1885 1266 1928 in
1298 1875 1428 1932 causa
1458 1883 1609 1926 fuisset

192 1955 371 2008 primae,
401 1966 510 2009 quae
542 1955 747 1998 historiae
778 1954 863 1998 fide
895 1956 1164 2010 comprobari
1189 1956 1344 2010 possit,
1374 1956 1608 2010 expeditio-

198 2027 264 2070 nis
296 2039 333 2070 a>
353 2024 531 2070 Graecis
576 2019 798 2071 in'Asiam
840 2031 1084 2083 susceptae:
1134 2027 1244 2085 (HL,
1287 2027 1363 2082 56)
1403 2023 1608 2083 ,,ταύτην

190 2093 386 2156 πρώτην
436 2099 655 2157 στρατίην
696 2103 740 2148 ἐς
780 2096 869 2156 τήν
899 2094 1063 2156 Ἀσίην
1095 2095 1461 2158 Λακεδαιμόνιοι
1502 2101 1606 2144 Δω-

191 2170 306 2228 ριέες
337 2165 657 2226 ἐποιήσαντοιῑ.

317 2241 415 2285 Jam
445 2255 548 2286 vero
579 2243 841 2287 Democedes
866 2241 1135 2287 Crotoniates
1165 2255 1244 2297 per
1259 2243 1458 2288 Atossam
1474 2245 1608 2289 Dario

191 2314 472 2369 cupiditatem
518 2315 655 2370 injicit
692 2314 914 2360 Graeciae·
940 2316 1276 2371 opprimendae,
1328 2320 1372 2360 et
1415 2318 1607 2363 consulto

190 2386 362 2441 quidem
381 2387 628 2431 Herodotus
641 2388 839 2431 Atossam
858 2388 961 2432 facit
988 2389 1050 2432 ita
1075 2388 1335 2443 loquentem:
1369 2391 1467 2448 (111,
1504 2392 1606 2448 134)

190 2454 246 2501 σύ
293 2456 342 2501 δέ
367 2475 446 2515 μοι
478 2461 552 2503 ἐπὶ
592 2455 920 2515 τήν’“Ελλα’δ“α
960 2456 1322 2518 στρατεύεσθαι·
1371 2464 1604 2522 ἐπιθυμέω

189 2528 275 2589 γάρ
327 2525 443 2589 λόγῳ
492 2531 834 2589 πυνθανομένη
880 2531 1119 2581 Λακαίνας
1164 2534 1215 2578 τὲ
1264 2550 1345 2593 μοι
1387 2535 1603 2594 γενέσθαι

191 2605 292 2660 &ep
306 2618 333 2645 α
344 2618 378 2645 π
390 2619 418 2645 α
430 2602 446 2646 ί
457 2618 552 2651 νας
582 2606 656 2647 καὶ
670 2598 883 2664 Ἀργείας
914 2608 989 2649 καὶ
1005 2599 1225 2656 Ἀττικάς
1241 2606 1313 2650 καὶ
1330 2607 1604 2665 Κορινθίας.

196 2755 344 2823 gereiht
367 2772 467 2815 wird,
500 2772 597 2808 denn
622 2772 680 2809 die
704 2773 842 2810 Pei-ser
866 2774 948 2810 sind
974 2785 1024 2817 es,
1064 2786 1183 2823 gegen
1207 2776 1345 2813 welche
1382 2778 1442 2814 die
1465 2775 1608 2823 'grosse

194 2823 302 2868 ‘sliat
328 2825 475 2879 &etham
501 2831 560 2868 die
583 2833 748 2870 Freiheit
771 2836 929 2881 gerettet
950 2834 1098 2873 worden
1120 2836 1203 2872 ist“.
