1855 3214
207 391 336 435 tertio
369 390 461 433 loco
493 388 680 442 positum
711 386 865 439 voluit3
903 387 980 429 sed
1011 386 1125 438 fugit
1153 384 1294 428 virum
1325 384 1632 437 dactissimum,

203 461 395 506 fabulam
414 458 624 503 Glaucum
637 457 914 501 Potniensem
933 469 1019 501 non
1050 456 1108 500 ad
1140 456 1322 500 eandem
1352 467 1402 499 ac
1420 454 1632 499 Phineum

204 536 249 576 et
279 533 438 576 Parsas
468 542 561 575 rem
593 532 797 585 spectare
828 541 978 584 posse,
1028 539 1158 583 quum
1199 527 1382 572 materia
1421 526 1549 582 plane
1576 527 1635 571 sit

205 603 438 648 dissimilis.
1533 646 1536 647 ⁷

324 674 415 727 Quo
447 672 613 717 factum
648 673 729 726 est,
758 673 809 715 ut
838 672 905 715 vir
935 670 1251 715 illustrissimus
1289 670 1512 715 consilium
1542 669 1632 715 ide-

205 758 359 800 amque
401 745 636 788 Persarum
666 769 726 776 —
772 744 903 788 liceat
940 743 1047 786 mihi
1078 742 1296 796 trilogiam
1334 745 1525 786 nostram
1572 742 1632 786 sic

202 816 424 860 nominare
443 841 494 847 —
515 827 601 858 non
623 814 973 869 perspexerit.¹¹)
1005 813 1257 857 Welckerus
1274 814 1454 868 primus,
1485 824 1632 866 quam-

202 899 332 942 quam
382 889 512 930 antea
557 887 648 941 jam
689 885 969 940 Leopardus‚
1007 884 1316 937 ValkenariuS,
1353 884 1655 946 Ruhnkenius·

202 959 317 1006 idem
348 958 515 1012 opinati
555 960 669 1011 sunt,
708 957 934 1012 praeclare
978 955 1368 1012 demonstravit,¹²)
1424 955 1633 1001 Glaucum

200 1030 414 1076 marinum
446 1041 540 1074 esse
571 1029 844 1084 tragoediam
874 1032 1132 1084 nostraeque
1164 1028 1363 1083 trilogiae
1377 1031 1547 1084 partem
1564 1028 1633 1073 vel

203 1105 362 1155 actum,
392 1113 575 1156 quocum
608 1101 657 1144 Ο.
690 1102 923 1155 Mullerus,
966 1101 1226 1144 Klausenius
1270 1101 1441 1158 (Aesch.
1485 1101 1631 1145 Theoi,

200 1186 242 1229 p.
279 1173 382 1229 178)
421 1173 635 1228 hujusque
666 1173 898 1217 memeriae
930 1172 1123 1217 Aeschili
1165 1172 1354 1217 editores
1384 1172 1493 1217 adeo
1533 1184 1633 1216 con-

199 1245 406 1298 sentiunt,
437 1246 487 1286 ut
516 1244 628 1288 hanc
659 1256 760 1287 rem
792 1244 919 1287 hodie
941 1255 1108 1298 quoque
1141 1255 1233 1287 esse
1264 1243 1343 1286 sub
1370 1244 1517 1298 judice
1549 1256 1632 1287 non

200 1313 362 1372 putem'.

320 1387 441 1439 Quae
477 1398 610 1441 quum
656 1387 719 1430 ita
758 1387 868 1440 sint,
922 1390 989 1431 est
1025 1388 1117 1442 jam
1157 1390 1373 1440 nostrum,
1409 1387 1632 1430 consilium

203 1461 334 1513 atque
365 1458 510 1502 ideam
542 1462 716 1503 nostrae
750 1459 952 1513 trilogiae
991 1459 1190 1503 evolvere
1220 1462 1350 1513 atque
1391 1458 1629 1503 enucleare.

326 1529 558 1574 Enimvero
592 1529 773 1574 Siebelis
806 1531 851 1587 (l.
877 1531 903 1574 l.
938 1543 978 1585 p.
1013 1535 1037 1573 7
1057 1530 1139 1586 sq.)
1171 1533 1324 1585 poetae
1355 1533 1502 1573 nostro
1533 1543 1630 1574 con-

197 1602 343 1645 silium
374 1601 559 1656 subjecit
588 1614 726 1656 paene
747 1602 977 1646 ridiculum
1000 1603 1174 1657 ejusque
1188 1601 1379 1645 moribus
1410 1602 1527 1646 haud
1554 1602 1629 1646 ad-

198 1673 375 1717 modum
425 1673 616 1727 dignum.
689 1673 929 1732 Aeschylus
975 1673 1138 1717 scilicet
1185 1674 1343 1717 Persas
1383 1675 1631 1729 composuit,

205 1749 278 1799 „ut
335 1744 665 1789 Atheniensium
719 1757 847 1789 aures
902 1745 1147 1789 incredibili
1197 1745 1351 1794 laudis,
1394 1747 1632 1801 cupiditate

198 1816 436 1870 flagrantes
469 1817 652 1860 satiaret
683 1828 916 1870 eorumque
956 1817 1101 1859 oculos
1152 1817 1404 1871 depressam
1441 1818 1494 1861 iis
1534 1831 1630 1861 con-

198 1887 467 1943 fractamque
498 1888 635 1931 hostis
666 1888 954 1942 potentissimi
988 1888 1235 1942 superbiam
1273 1888 1512 1943 objiciendo
1555 1902 1631 1944 pa-

202 1963 387 2005 sceret.“
457 1959 738 2014 „Elaboravit
781 1961 839 2017 (p.
878 1964 945 2013 17,
981 1961 1030 2004 cf.
1063 1973 1106 2014 p.
1144 1963 1225 2004 143
1251 1961 1331 2016 sq.)
1394 1961 1631 2017 Aeschylus

197 2032 290 2076 fere
322 2031 460 2085 unice,
492 2031 650 2075 Persas
682 2034 727 2075 et
758 2031 956 2086 inprimis
987 2035 1173 2074 Xerxem
1204 2035 1254 2074 ut
1272 2032 1436 2075 derisos
1468 2033 1633 2077 faceret

198 2107 261 2156 et,
303 2104 377 2157 qui
417 2103 637 2147 obtineret
674 2104 779 2158 jam,
823 2115 970 2146 eorum
1021 2106 1283 2147 contemtum
1320 2105 1458 2159 magis
1500 2106 1632 2150 etiam

197 2178 414 2229 augeret.“
496 2175 617 2228 Quae
650 2175 947 2228 Hermannus,
995 2173 1274 2219 Blomfieldus
1307 2176 1359 2219 de
1399 2176 1631 2221 Persarum

200 2247 376 2291 consilio
411 2247 709 2300 decreverunt,
741 2258 872 2301 quum
903 2247 1124 2290 Brentano
1156 2260 1209 2291 ea
1236 2248 1326 2302 jam
1358 2248 1627 2301 refutaverit,

196 2317 367 2362 silentio
407 2320 656 2373 praetereo,
701 2329 806 2372 quos
848 2318 983 2372 viros,
1025 2318 1062 2361 si
1103 2319 1259 2362 seriem
1302 2312 1628 2372 tragoediarum

196 2390 462 2445 fundumque
493 2390 829 2445 perspexissent,
861 2390 1086 2435 consilium
1117 2403 1285 2445 quoque
1314 2390 1513 2446 trilogiae
1530 2403 1628 2446 per-

197 2462 445 2516 cognituros
476 2460 623 2515 fuisse,
655 2461 760 2506 mihi
791 2464 858 2506 est
888 2473 1154 2516 persuasum.
1473 2484 1476 2486 -

315 2534 538 2578 Brentano
569 2546 672 2578 vero
707 2534 798 2589 ipse
823 2533 1061 2578 Persarum
1094 2534 1318 2578 consilium
1349 2534 1467 2578 haud
1497 2535 1628 2590 plane

198 2605 427 2649 indicavit:
463 2606 508 2663 (l.
542 2606 569 2649 1.
597 2618 638 2659 p.
674 2604 749 2663 17)
812 2605 874 2667 Er
904 2605 1194 2662 (Aeschylus),
1227 2607 1366 2660 inquit
1396 2606 1481 2660 ille,
1513 2606 1628 2660 legte

195 2677 241 2720 in
281 2677 429 2720 seinen
467 2677 652 2721 Persern
692 2677 771 2720 das
802 2677 1076 2721 Verbaltniss
1117 2677 1343 2721 derselben
1382 2677 1628 2734 uberhaupt

295 2841 342 2890 ¹¹)
372 2843 452 2886 „De
477 2842 658 2890 Aeschyli
684 2843 849 2885 Persis“,
877 2841 1022 2889 Opusc.
1046 2843 1094 2885 H,
1122 2854 1158 2890 p.
1185 2843 1266 2879 92-
1280 2845 1336 2881 93,

291 2903 336 2949 ¹¹)
364 2902 664 2949 „Aeschylische
690 2903 868 2949 Trilogie,
893 2901 1164 2939 Prometheus“
1191 2905 1261 2943 etc.
1287 2915 1323 2951 p.
1349 2903 1551 2943 470—481.
