1855 3214
938 178 998 217 45¹

267 305 542 359 egrediatur,
588 308 687 349 rata
717 305 903 359 denique
932 318 1012 349 sua
1042 307 1255 360 potestate
1285 305 1401 358 facit,
1448 317 1561 359 quae
1590 305 1682 349 fata

263 386 525 431 praecepere
541 410 551 430 ‚
602 380 651 419 ut
683 377 868 419 omnium
907 390 1051 421 rerum
1082 377 1348 431 gubernator
1379 379 1508 430 atque
1537 369 1706 420 mode-⁴

261 451 387 493 rator
417 447 576 492 evadat
621 451 749 503 atque
795 450 989 493 exsistat.
1052 449 1169 492 Nihil
1215 450 1348 504 igitur
1388 448 1557 504 accidit,
1599 448 1681 492 nisi

266 521 378 577 quod
411 520 611 575 Juppiter
641 520 831 575 perficit:
865 522 1176 578 (Agammemn.
1208 535 1246 566 v.
1284 520 1593 577 1485-1488)

472 599 550 661 ,,ίή
582 599 629 660 ἰή
663 602 754 650 διαὶ
785 599 899 655 Διός
930 597 1180 650 παναιτίου
1213 601 1481 664 πανεργέτα.

474 675 520 721 τί
550 671 636 736 γοῖρ
666 678 852 735 βροτοῖς
884 673 994 721 ἄνευ
1024 672 1136 727 Διός
1166 678 1387 730 τελεῖται,

469 747 514 791 τί
545 744 679 792 τῶνδ
708 744 765 792 ου’
796 743 1084 806 θεόκραντόν
1116 748 1296 798 ἕστινϊ

262 836 307 878 et
337 832 502 889 (Suppl.
534 845 571 877 v.
606 835 691 878 823
724 836 768 877 et
799 833 919 890 824.)

634 937 644 950 .
678 938 688 949 .
721 905 766 948 τί
798 901 837 949 δ’
867 903 978 950 ἄνευ
1010 901 1151 949 σέθεν

543 938 766 1021 1θνατοῖσι
798 972 975 1022 τέλειόν
1007 980 1160 1021 ἐστιν“
1171 994 1185 1029 3
1220 978 1290 1035 (cf.
1325 977 1471 1033 Suppl.
1491 990 1529 1020 v.
1558 977 1675 1032 624.)

387 1061 412 1104 J
417 1061 505 1103 ovis
540 1072 668 1114 porro
708 1062 964 1118 auctoritate
998 1065 1125 1115 atque
1164 1065 1378 1115 potestate
1419 1073 1511 1104 sors
1554 1058 1677 1114 quasi

261 1134 305 1176 in
322 1144 574 1186 unaquaque
592 1145 640 1175 re
658 1132 871 1176 dormiens
891 1133 1103 1177 exsitatur
1127 1136 1171 1177 et
1191 1132 1432 1187 perficitur:
1466 1131 1673 1189 (Choeph.

224 1249 226 1251 ,
260 1216 299 1247 v.
334 1207 418 1249 306
428 1208 507 1274 sq.)

542 1270 636 1318 ἄλλ’
667 1271 699 1319 ὦ
727 1271 916 1335 μεγάλαι
947 1276 1138 1333 Μοῖραι,
1170 1271 1347 1319 Διόθεν

541 1345 651 1406 τῇδε
682 1347 914 1401 τελευτᾶν,

542 1412 571 1476 ᾖ
603 1414 658 1461 τό
693 1418 869 1462 ὃὶκαιον
900 1421 1216 1476 ,ιιεταβαίνει“.

260 1504 304 1544 et
334 1501 453 1544 Pers.
487 1514 524 1545 v.
562 1504 666 1544 101:

319 1570 531 1627 ,,θεόθεν
567 1569 652 1631 γοὶρ
685 1571 798 1616 κατοὶ
833 1567 967 1630 Μοῖρ’
1006 1569 1250 1630 ἐκράτησεν
1281 1570 1335 1617 το“
1369 1569 1612 1625 παλαιόν,“

262 1644 331 1697 (cf.
364 1645 481 1688 Pers.
514 1657 551 1688 v.
585 1645 703 1700 740.)

379 1729 524 1779 Quare
555 1740 642 1771 una
680 1729 914 1781 eademque
952 1740 1022 1770 res
1062 1728 1186 1772 modo
1218 1729 1314 1773 Jovi
1354 1730 1478 1773 modo
1519 1729 1671 1788 Μοίρᾳ

195 1804 201 1810 ”
266 1798 540 1843 adscribitur.
602 1799 712 1843 Vide
743 1800 894 1853 Agam.
927 1813 966 1843 v.
1003 1803 1195 1842 60—63:

470 1880 617 1936 ,,οὕτω
650 1878 689 1926 δ’
718 1878 918 1940 Ἀτρέως
950 1882 1119 1931 παῖδας
1151 1878 1176 1926 0‘
1207 1882 1420 1941 κρείσσων

470 1949 541 1997 ἐπ’
571 1949 848 2012 Ἀλεξάνδρῳ
881 1950 1048 2012 πέμπει
1081 1950 1222 2004 ξένιος

468 2022 591 2076 Ζεύς
623 2021 908 2083 πολυάνορος
940 2022 1061 2084 α’,ιιφὶ
1093 2021 1333 2085 γυναικός“
1363 2042 1401 2071 κ.
1434 2043 1473 2070 τ.
1506 2026 1543 2070 λ.

256 2103 302 2143 et
331 2112 371 2144 v.
416 2098 661 2152 126—130‚
708 2109 812 2152 quos
849 2098 940 2153 J'am
982 2110 1113 2152 supra
1130 2100 1140 2135 ἲ
1159 2100 1216 2155 (p.
1254 2099 1346 2155 43.)
1390 2098 1671 2143 laudavimus.

257 2171 343 2225 (Of.
383 2171 533 2224 Agam.
577 2184 615 2215 v.
652 2173 884 2215 361—369
931 2174 976 2214 et
1019 2171 1126 2214 Eum
1184 2184 1223 2215 v.
1263 2166 1357 2216 334
1403 2175 1447 2216 et
1494 2176 1579 2216 335
1625 2176 1671 2216 et

253 2256 292 2289 V.
327 2242 593 2298 391-393.)

372 2315 471 2359 Jam
505 2327 607 2359 vero
639 2314 839 2369 ,Iuppiter
869 2314 1085 2369 ceterique
1118 2315 1178 2358 dii
1214 2316 1279 2359 ita
1316 2307 1583 2368 intimantur,
1621 2317 1671 2358 u't

253 2400 306 2430 ex
338 2399 484 2430 eorum
516 2388 735 2431 voluntate
768 2387 903 2430 omnis
933 2400 1077 2431 rerum
1118 2391 1295 2432 eventus
1337 2400 1428 2433 esse
1470 2387 1671 2433 videatur

254 2470 509 2555 suspensus.
543 2457 749 2517 (Choeph.
782 2471 821 2504 v.
856 2458 972 2514 642)

604 2525 687 2583 ,,ἷω
720 2533 824 2575 θεοὶ
856 2525 1049 2587 κραίνετ
1085 2530 1293 2580 ἐν’“ὃικως

255 2605 301 2648 et
330 2602 497 2660 (Agam.
530 2616 569 2649 v.
606 2603 751 2660 1289)

445 2673 622 2728 ,,οὕτως
657 2671 1029 2721 οἷπαλλοῖσσουσιν
1062 2679 1111 2721 ἐν
1142 2678 1267 2721 θεῶν
1297 2677 1485 2736 κρίσει“,

261 2747 347 2806 (Cf.
379 2747 530 2802 Agam.
571 2760 611 2793 v.
651 2748 776 2792 1424.
820 2751 865 2792 et
897 2748 1082 2804 Choeph.
1122 2762 1161 2795 v.
1205 2753 1288 2794 212
1333 2754 1377 2795 et
1419 2754 1504 2796 213
1541 2750 1674 2807 ibidq.

251 2832 285 2863 v.
322 2820 498 2876 785sq.)
1181 2853 1183 2855 ,
1207 2851 1209 2853 -
