1855 3214
934 185 959 227 7

173 320 175 323 ·
229 311 384 366 sicum,
425 314 618 366 quamvis
650 313 768 358 dictu
799 314 1072 368 difficilesit,
1105 315 1340 370 Aeschylus
1373 318 1520 358 tamen
1557 316 1650 370 ipse

230 383 338 427 certi
369 382 533 438 aliquid
578 397 629 429 ea
676 385 730 429 de
770 398 820 430 re
851 386 1097 441 suspicandi
1145 386 1327 441 praebet
1372 386 1649 440 occasionem,

230 465 361 508 quum
395 454 683 501 Cassandram
722 458 767 500 in
798 457 1120 512 Agamemnone
1161 462 1295 503 totam
1346 458 1651 514 Pelopidarum

229 529 389 571 sortem
420 523 572 572 fecerit
601 529 922 574 vaticinantem.

348 599 448 643 Jam
478 612 579 644 vero
610 595 842 645 Persarum
872 604 1173 656 argumentum
1203 601 1398 657 pluribus
1437 602 1650 657 persequi,

230 680 597 725 supervacaneum
630 685 722 717 esse
754 677 885 729 puto,
935 686 1065 728 quum
1098 674 1151 717 de
1182 674 1263 718 hac
1301 674 1448 719 fabula
1479 675 1650 729 integra

229 741 430 798 Aeschyli
461 744 649 788 editores
672 745 765 789 fuse
798 746 1144 801 disertequesint
1161 746 1372 800 praefati,
1406 746 1509 789 dum
1527 747 1652 789 modo

229 812 644 869 animadvertamuS,
712 816 822 861 hanc
875 817 1068 861 fabulam
1122 817 1261 860 medio
1314 818 1515 871 trilogiae
1557 818 1649 861 loco

228 884 424 940 positam,
456 896 667 931 summum
697 887 915 932 libertatis
947 888 1188 943 discrimen,
1231 900 1439 932 summam
1471 888 1524 932 de
1556 901 1645 933 ser-

227 956 364 1001 vitute
398 958 622 1002 victoriam
663 963 930 1014 reportatam
970 961 1189 1004 continere
1236 972 1414 1014 eamque
1468 961 1651 1004 maxime

232 1030 506 1076 commovisse
538 1035 827 1087 spectatorum
875 1032 1052 1078 animos.
1114 1032 1193 1076 Est
1233 1033 1345 1076 enim
1392 1044 1444 1076 ea
1490 1031 1650 1084 fabula,

232 1109 343 1154 quae
384 1106 428 1145 et
469 1104 609 1157 prima
661 1105 786 1157 quasi
831 1104 1012 1148 introitu
1057 1105 1242 1158 quodam
1283 1109 1570 1158 praeparetur
1609 1110 1654 1148 et

157 1183 159 1185 ·
238 1173 369 1217 tertia
401 1173 457 1218 ad
492 1178 692 1220 eventum
729 1176 843 1220 omni
874 1188 927 1221 ex
958 1179 1083 1231 parte
1114 1175 1359 1220 absolutum
1401 1175 1655 1231 deducatur,

231 1247 280 1286 ut
312 1245 512 1299 trilogiae
542 1247 700 1291 fundus
742 1248 983 1292 cumuletur
1014 1248 1157 1292 media
1198 1247 1346 1292 fabula
1377 1249 1651 1302 maximeque

230 1314 491 1363 illustretur.

348 1389 447 1434 Jam
476 1391 748 1446 pervenimus
779 1392 836 1437 ad
867 1392 1043 1436 tertiam
1073 1391 1274 1446 trilogiae
1304 1390 1511 1446 fabulam,
1555 1392 1648 1436 dico

231 1456 439 1507 Glaucum
477 1464 703 1508 marinum.
765 1464 905 1519 Atque
946 1465 1058 1508 enim
1099 1464 1144 1506 in
1173 1464 1318 1507 Persis
1363 1465 1419 1520 (v.
1453 1467 1540 1508 800
1571 1466 1650 1520 sq.)

230 1532 500 1580 imminentes
531 1536 675 1581 clades
706 1536 938 1591 futuraque
969 1536 1202 1580 Persarum
1231 1535 1425 1591 pericula
1458 1548 1484 1579 a
1515 1536 1650 1579 Dario

229 1607 553 1662 praedicuntur,
585 1609 700 1653 unde
731 1612 913 1664 apparet
952 1609 1108 1652 Persas
1149 1608 1324 1651 tertiam
1368 1607 1561 1652 fabulam
1592 1608 1648 1651 ad

231 1679 412 1724 eandem
443 1693 536 1725 rem
567 1673 834 1736 spectantem
865 1681 1098 1735 excepisse.
1164 1678 1352 1723 Glaucus
1376 1691 1492 1733 vero,
1524 1679 1651 1723 heros

230 1751 656 1807 Anthedoniensium,
688 1758 834 1808 ‘quum
863 1751 1042 1797 herbam
1089 1752 1305 1806 quandam
1346 1752 1558 1806 pavisset,
1606 1752 1650 1793 in

230 1822 409 1867 deorum
439 1837 664 1868 numerum
683 1825 847 1879 relatus
877 1837 904 1868 a
936 1825 1081 1868 nautis
1112 1824 1222 1867 vatis
1238 1824 1328 1867 loco
1349 1823 1649 1878 colebatur.¹⁶)

230 1896 322 1949 Quo
358 1890 511 1952 ’mytho
542 1896 779 1952 Aeschylus
820 1897 876 1940 ad
908 1896 1244 1951 componendam
1289 1894 1481 1938 fabulam
1533 1906 1652 1949 usus,

228 1967 353 2012 finxit
382 1981 479 2012 eum
509 1968 697 2022 heroem,
728 1957 857 2022 quum
889 1968 994 2011 deus
1013 1968 1219 2021 marinus,
1250 1967 1405 2010 itinere
1435 1978 1514 2020 per
1531 1978 1650 2009 mare

229 2039 355 2093 facto,
396 2043 441 2084 et
469 2052 658 2094 pugnam
703 2040 1000 2083 Plataeensem
1049 2042 1094 2083 et
1134 2039 1431 2082 Himerensem
1483 2049 1650 2092 compe-

227 2112 369 2165 risset,
401 2110 824 2156 Anthedoniensibus
855 2123 925 2154 res
956 2113 1101 2165 gestas
1133 2109 1490 2165 enarrantem.¹⁶)
1552 2109 1649 2152 Sin-

227 2184 329 2237 gula
349 2196 543 2238 quaeque
560 2184 686 2238 hujus
702 2182 875 2227 fabulae
885 2194 991 2237 prae
1006 2182 1348 2236 fragmentorum
1371 2181 1582 2225 tenuitate
1594 2181 1607 2206 ¹
1620 2181 1649 2234 7)

228 2266 366 2309 neque
418 2256 625 2310 explicari
656 2258 835 2310 possunt
872 2265 1009 2308 neque
1061 2254 1141 2296 hoc
1182 2254 1291 2297 adeo
1330 2249 1387 2297 ad
1428 2252 1650 2296 consilium

227 2328 429 2382 Aeschyli
465 2326 887 2382 percognoscendum
927 2326 1130 2380 pertinet.
1200 2325 1394 2380 Namque
1435 2325 1649 2368 Pindarus

229 2409 397 2455 quoque
429 2399 573 2457 (Pyth.
606 2399 640 2444 Ι.
673 2411 713 2444 v.
751 2398 853 2454 148)
895 2401 986 2441 tres
1025 2397 1120 2441 illas
1152 2410 1320 2453 pugnas
1354 2397 1648 2450 Salaminiam,

325 2602 371 2653 ¹1‘)
396 2603 484 2644 Vid,
507 2603 623 2641 Paus.
649 2603 715 2646 IX,
739 2603 797 2647 22,
822 2604 856 2641 6.
882 2604 920 2639 et
941 2602 1071 2649 fragm.
1095 2601 1162 2641 Nr.
1187 2601 1232 2638 31
1251 2612 1312 2649 ap.
1342 2599 1453 2638 Dind.
1479 2601 1528 2638 cf.
1553 2602 1647 2639 Her-

225 2672 354 2701 mann:
381 2665 462 2709 „De
473 2664 653 2711 Aeschyli
671 2663 858 2706 Glaucis“,
884 2673 943 2711 op.
969 2662 1019 2699 Π.
1042 2674 1078 2709 p.
1096 2662 1142 2698 59
1155 2673 1210 2708 sq.
1238 2664 1275 2696 et
1286 2661 1446 2697 Preller:
1473 2663 1647 2707 „Griech.

223 2722 363 2773 Mythf‘
386 2725 416 2769 1,
441 2737 478 2773 p.
503 2724 637 2772 478sq.

323 2784 368 2833 ¹⁶)
394 2786 481 2825 vid.
506 2785 699 2828 Welcker3
726 2784 925 2831 „AesehyL
951 2784 1117 2830 Trilog.⁴‘
1142 2787 1212 2829 etc.
1238 2795 1274 2830 p.
1299 2784 1435 2830 473sq.

326 2843 371 2892 ¹⁷)
397 2846 483 2883 Vid.
507 2845 672 2891 fragmm.
701 2854 759 2892 ap.
784 2844 897 2883 Dind.
922 2844 994 2882 No.
1020 2844 1174 2881 23—31.

180 2942 319 3011 ‚s
