1855 3214
940 246 997 288 40

247 438 273 494 ξ
315 437 354 481 6.
425 435 541 484 Quae
581 437 641 481 sit
681 435 795 492 apud
829 435 1090 491 Aeschylum
1132 404 1176 479 et
1212 434 1473 479 Herodotum
1512 437 1666 479 summi

307 507 445 552 divini
476 508 658 553 numinis
703 509 747 552 et
780 507 865 554 fati
905 507 1105 567 (μοίρας)
1136 507 1275 561 notio,
1318 508 1425 562 quae
1469 519 1613 552 eorum

640 578 897 625 vicissitudo
930 582 1059 635 atque
1090 579 1220 623 ratio.
1233 578 1288 634 ⁶⁴¹)

366 665 507 717 Atque
525 664 754 722 Aeschylei
776 664 895 707 Jovis
927 664 1012 706 vim
1034 667 1165 720 atque
1196 666 1411 710 naturam¹
1424 662 1516 716 jam
1533 673 1667 715 supra

250 739 306 790 (p.
343 739 397 779 26
432 739 475 779 et
508 739 561 780 29
581 739 660 790 sq.)
692 736 846 779 leviter
878 736 1110 788 attigimus,
1144 734 1199 777 ad
1225 746 1333 787 quae
1365 734 1472 777 haec
1504 745 1669 787 quoque

247 811 348 850 sunt
380 807 595 851 addenda.
659 807 861 861 Juppiter
896 807 1157 865 Aeschyleus
1198 809 1263 849 est
1294 810 1343 848 ut
1374 818 1562 848 summus
1593 817 1666 859 po-

249 879 595 931 tentissimusque
630 879 735 921 deus
767 880 828 921 ita
859 879 1220 933 sapientissimus,
1268 878 1340 931 qui
1373 877 1514 919 omnia
1548 876 1666 918 deni-

248 962 329 1002 que
361 951 475 1002 regit
506 953 637 1002 atque
669 950 894 1001 gubernat.
959 950 1085 992 Ratio
1118 949 1421 1001 consiliumque
1445 952 1549 999 ejus,
1586 959 1668 1000 quo

248 1021 435 1064 omnium
465 1033 610 1063 rerum
641 1020 834 1063 ordinem
866 1020 1122 1074 modumque
1154 1024 1300 1063 tuetur
1340 1022 1468 1073 atque
1500 1030 1668 1062 conser-

246 1096 333 1146 vat,
366 1092 420 1135 ab
453 1091 720 1145 hominibus,
770 1104 950 1146 quorum
996 1093 1052 1134 sit
1097 1092 1210 1134 ratio
1242 1091 1495 1145 imperfecta
1534 1095 1663 1144 atque

241 1165 416 1217 caduca,
450 1176 586 1217 neque
618 1164 781 1218 percipi
812 1176 949 1218 neque
981 1163 1164 1217 intelligi
1181 1167 1334 1217 potest.
1376 1163 1484 1206 Vide
1508 1162 1654 1216 Suppl,

244 1250 281 1279 v.
319 1239 452 1279 1049:

237 1304 376 1360 „Aco'g
409 1303 463 1351 ου’
503 1303 746 1365 παρβατός
791 1311 915 1352 ἐστιν
958 1304 1134 1366 μεγάλα
1178 1304 1299 1364 φρήν
1333 1302 1637 1364 α’πέραντοςίί.

242 1379 485 1433 ibidemque
516 1392 555 1423 v.
591 1383 671 1422 86:

459 1448 599 1502 „Aco‘g
631 1456 786 1507 ἵμερος
821 1446 901 1493 ov'n
932 1446 1193 1507 εὐθήρατος
1227 1444 1451 1508 ἐτύχθη“.

242 1522 485 1577 ibidemque
517 1536 556 1566 v.
594 1526 707 1566 1058
740 1526 784 1566 et
820 1526 954 1565 1059:

619 1594 690 1648 „vi
725 1595 772 1638 δὲ
804 1594 950 1652 μέλλω
986 1594 1130 1650 φρένα
1163 1589 1292 1637 ’Δίαν

616 1667 840 1722 καθορᾶν,
874 1662 986 1723 ὄψιν
1019 1661 1223 1722 ἄβυσσον
1256 1698 1266 1707 .

365 1736 587 1790 Sapientia
630 1749 759 1792 porro
799 1736 917 1781 Jovis
964 1737 1148 1780 maxime
1194 1736 1333 1780 elucet
1367 1746 1434 1779 ‘ex
1475 1734 1661 1789 Orestia,

243 1821 329 1866 qua
361 1807 510 1852 fabula
542 1808 617 1852 ille
657 1822 830 1852 causam
861 1808 1026 1852 Orestis
1067 1809 1123 1851 ad
1162 1821 1257 1851 eum
1296 1808 1500 1862 perduxit
1538 1820 1663 1872 even—

242 1883 357 1932 tum,
413 1881 485 1934 qui
531 1884 576 1924 et
608 1881 689 1923 diis
721 1885 763 1923 et
793 1880 1035 1924 hominibus
1067 1881 1250 1924 maxime
1293 1880 1563 1924 satisfaceret
1584 1880 1664 1935 ο’5“);

243 1955 287 1993 et
317 1951 489 1995 Athena
521 1952 615 2006 ipsa
648 1953 905 2007 sapientiam
944 1965 1066 1996 suam
1108 1952 1206 1996 Jovi
1247 1956 1465 2007 acceptam
1507 1951 1661 1995 refert:

239 2023 378 2077 (Eum.
413 2037 451 2069 v.
488 2025 608 2080 850.)

466 2101 682 2155 ,φρονεῖν
715 2096 764 2142 δὲ
796 2091 935 2155 κοῖμοὶ
969 2095 1131 2142 ἔδωκεν
1176 2091 1229 2142 οὐ
1262 2099 1444 2147 nonnis-“0

335 2243 380 2290 ὓ4)
405 2243 449 2279 In
475 2254 520 2278 ea
551 2252 590 2277 re
616 2241 863 2289 perquirenda
900 2241 1129 2289 potissimum
1167 2240 1314 2290 respexi
1340 2240 1523 2280 Orestiam
1558 2240 1659 2279 trilo-

240 2304 350 2350 giam,
377 2303 476 2349 quod
502 2314 613 2348 quum
639 2304 687 2338 sit
712 2303 876 2338 ultimum
901 2303 1080 2350 Aeschyli
1106 2315 1209 2350 opus,
1251 2315 1330 2339 eam
1355 2304 1662 2350 perfectissimam

237 2364 319 2409 ejus
344 2363 560 2408 religionem
586 2362 769 2405 exhibere,
811 2366 867 2398 est
903 2366 1189 2399 consentaneum
1249 2363 1381 2408 Neque
1423 2364 1541 2399 minus
1580 2376 1662 2411 per—

240 2423 392 2458 lustravi
418 2422 580 2467 reliquas
605 2423 828 2468 tragoedias,
872 2423 973 2458 nulla
1002 2426 1123 2459 tamen
1148 2423 1362 2459 Promethei
1385 2424 1498 2459 vincti
1521 2425 1664 2460 ratione

239 2483 376 2521 habita.
425 2483 623 2518 Enimvero
660 2482 750 2518 illud
788 2483 875 2518 mihi
914 2494 1060 2518 sumens
1092 2483 1189 2518 haud
1231 2483 1367 2530 injuste
1405 2483 1539 2520 fecisse
1575 2484 1664 2520 mihi

242 2543 380 2585 videor,
409 2554 519 2588 quum
546 2543 730 2578 sententia
753 2546 808 2579 tot
831 2544 1017 2589 tantisque
1056 2544 1301 2594 comprobata·
1330 2544 1560 2587 testimoniis,
1579 2569 1582 2571 Α
1598 2544 1662 2579 mi·-

239 2604 337 2638 nime
361 2603 468 2638 unius
496 2603 644 2639 fabulae
670 2604 754 2639 iden.
778 2614 895 2649 eaque
921 2604 1035 2639 dubia
1065 2604 1182 2639 refelli
1220 2607 1283 2639 aut
1300 2595 1301 2598 ¹
1320 2603 1492 2650 redargui
1532 2606 1661 2650 possit.

238 2663 335 2699 Vide
361 2666 554 2709 praeterea
574 2663 812 2699 Welckerum
837 2664 860 2699 l.
886 2664 910 2700 1.
926 2675 962 2711 p.
976 2665 1020 2700 91
1030 2675 1097 2710 sq.⁷
1123 2664 1381 2700 Bluemnerum
1395 2664 1418 2700 l.
1433 2664 1455 2701 1.
1475 2676 1512 2711 p.
1526 2664 1659 2711 123sq.

235 2724 433 2770 Haymium
458 2725 480 2760 l.
507 2725 530 2762 l.
556 2736 591 2771 p.
617 2723 738 2770 53sq.,
763 2725 940 2770 Jungium
965 2724 987 2759 l.
1014 2724 1036 2761 l.
1062 2736 1097 2771 p.
1122 2725 1167 2760 21
1195 2728 1232 2760 et
1256 2725 1314 2761 25.

333 2783 379 2830 ⁶⁵)
406 2785 491 2820 Vid.
517 2785 754 2820 Welckerum
779 2786 801 2820 l.
828 2785 849 2821 l.
877 2795 912 2830 p.
938 2784 1071 2830 447sq.
1120 2785 1337 2820 Muellerum
1363 2796 1399 2831 p.
1429 2786 1584 2832 lSlsqq.
1623 2788 1661 2822 et

235 2851 272 2890 p.
300 2844 367 2880 191
396 2856 476 2890 sqq.
525 2845 786 2881 Bluemnerum
810 2845 834 2880 l.
860 2845 883 2882 l.
909 2856 945 2891 p.
975 2845 1053 2881 147.
1082 2845 1139 2882 Of.
1156 2845 1345 2892 Schlegel:
1372 2850 1543 2890 „Vorles
1568 2851 1660 2887 iiber

235 2905 350 2943 dram.
374 2905 533 2940 Kunst“.
560 2905 588 2947 I,
614 2916 651 2951 p.
677 2906 758 2943 204.
780 2910 785 2917 ”
