1855 3214
901 277 925 319 2

192 407 322 457 venit,
355 406 503 452 ambos
535 419 788 462 componere
823 411 952 461 atque
985 418 1250 461 comparare,
1285 405 1400 460 quod
1433 405 1619 460 quidem,

194 491 324 532 quum
342 479 576 533 Aeschylus
609 482 653 522 et
669 479 929 533 Herodotus,
961 478 1044 522 viri
1076 477 1267 532 ejusdem
1298 477 1390 522 fere
1408 477 1620 532 aetatisff)

193 551 375 595 eandem
407 564 498 594 rem
530 551 839 605 tractaverint,
872 550 989 594 haud
1022 548 1252 593 admodum
1284 547 1339 592 ab
1363 549 1494 593 animi
1523 559 1622 603 per-

194 623 389 676 ceptione
421 626 516 665 erat
545 626 772 666 remotum.
838 622 1067 665 Enimvero
1108 621 1244 664 omnis
1276 621 1445 664 omnino
1485 619 1618 663 homi-

195 706 297 735 num
328 697 447 736 aetas
479 693 565 736 fert
597 694 725 746 viros,
776 694 848 747 qui
880 693 1150 737 consentiant
1180 692 1294 735 inter
1325 704 1371 736 se
1404 692 1458 735 de
1489 690 1620 735 rebus

194 764 348 807 divinis
381 764 686 818 humanisque,
728 764 800 817 qui
841 764 909 807 vel
941 763 1124 807 maxime
1157 763 1425 807 dissentiant.
1486 762 1622 817 Atqui

197 848 249 877 ex
281 835 601 889 comparatione
647 836 837 878 virorum
869 835 1060 889 ejusdem
1093 835 1249 878 aetatis
1280 846 1410 888 quum
1431 835 1621 889 ipsorum

194 907 464 960 cognoscitur
516 905 751 949 similitudo
790 909 834 949 et
876 906 1126 960 diversitas,
1175 910 1266 949 tum
1303 918 1453 950 eorum
1501 908 1621 950 aetas

191 977 344 1032 quibus
378 979 571 1021 ducatur
603 978 734 1021 animi
767 977 974 1032 motibus,
1024 991 1108 1032 qua
1157 979 1213 1022 sit
1244 978 1510 1032 condicione,
1557 978 1621 1022 fa-

190 1050 344 1093 cillime
376 1049 619 1103 optimeque
652 1049 936 1104 intelligitur3
984 1062 1118 1104 quare
1157 1051 1237 1094 hoc
1268 1063 1410 1094 meum
1448 1050 1619 1094 institu-

188 1125 277 1163 tum
309 1122 363 1164 ab
396 1121 666 1175 antiquitatis
707 1122 849 1165 studio
891 1125 1021 1176 atque
1063 1122 1341 1177 perceptione
1383 1134 1467 1166 non
1515 1125 1619 1177 puto

190 1205 282 1236 esse
315 1192 517 1238 alienum.

306 1266 459 1320 Itaque
493 1265 596 1308 mihi
615 1269 680 1308 est
701 1266 983 1320 propositum,
1015 1265 1202 1325 primum
1226 1278 1356 1320 agere
1389 1267 1443 1310 de
1459 1266 1618 1310 utrius-

187 1349 268 1389 que
300 1338 441 1390 operis
473 1336 672 1389 consili0,
718 1340 832 1390 tum,
876 1349 985 1391 quae
1026 1340 1209 1391 uterque
1253 1338 1305 1381 de
1343 1337 1473 1381 rebus
1515 1337 1620 1381 divi-

187 1410 253 1451 nis
286 1410 470 1452 senserit
502 1412 631 1462 atque
665 1409 943 1463 spectaverit,
975 1410 1019 1452 in
1052 1410 1238 1454 medium
1269 1409 1501 1464 proferam.

562 1649 591 1702 Ι.
668 1649 736 1704 De
775 1661 978 1718 operum
1019 1648 1240 1705 consilio.

608 1755 631 1810 ξ,
661 1759 697 1798 1.
732 1754 794 1798 De
816 1753 1025 1808 Aeschyli
1042 1754 1205 1801 Persia.

304 1835 413 1878 Eam
445 1849 547 1879 vero
586 1839 902 1891 quaestionem,
949 1838 1180 1892 trilogiane
1223 1839 1311 1881 sint
1350 1838 1615 1892 tragoediae,

183 1920 290 1961 quas
311 1908 513 1951 exhibeat
526 1904 756 1958 ὑπόθεσις
772 1909 829 1951 ad
840 1909 1055 1965 Persas,⁶)
1087 1910 1166 1953 hoc
1196 1910 1287 1953 loco
1310 1909 1479 1953 silentio
1494 1921 1621 1963 prae-

182 1984 330 2033 tereo,
376 1993 507 2034 quum
549 1983 592 2022 et
639 1980 875 2024 doctissimi
918 1981 1001 2024 viri
1043 1982 1149 2024 illud
1188 1982 1413 2036 praeclare
1446 1981 1619 2024 demon-

182 2052 431 2106 straverint,
444 2052 476 2108 ⁶)
510 2055 553 2095 et
580 2064 727 2096 omnes
745 2055 921 2096 nostrae
941 2054 1174 2096 memoriae
1192 2054 1398 2112 Aeschyli
1430 2053 1618 2097 editores

181 2124 275 2166 illos
308 2125 395 2166 sint
425 2126 623 2180 secuti.⁷)
688 2125 865 2167 Minime
898 2136 999 2168 vero
1033 2124 1083 2168 G.
1116 2125 1313 2168 Exnerus
1339 2125 1612 2178 Muellerum,

179 2199 404 2248 postquam
437 2197 528 2250 ejus
559 2196 693 2240 verba
727 2221 782 2228 —
807 2196 931 2240 Eum.
963 2209 1004 2250 p.
1045 2200 1141 2250 198,
1173 2196 1226 2240 N.
1266 2200 1290 2239 7
1328 2221 1378 2228 —
1414 2196 1609 2250 protulit,

275 2340 305 2387 ⁴)
331 2339 543 2386 Aeschylus
570 2339 663 2375 obiit
683 2339 741 2376 Ol.
767 2340 825 2382 81,
851 2339 896 2383 2;
921 2338 1156 2374 Herodotum
1170 2348 1253 2374 esse
1267 2340 1391 2374 natum
1418 2338 1476 2377 Ol.
1502 2338 1559 2381 74,
1576 2338 1607 2382 1,

178 2399 374 2438 verisimile
401 2403 471 2436 est.
520 2400 606 2435 Vid.
639 2399 851 2442 Baehrium‚
903 2399 959 2434 ed.
986 2399 1049 2434 alt.
1074 2398 1142 2440 IV,
1168 2408 1205 2444 p.
1231 2397 1303 2434 400
1327 2409 1383 2444 sq.
1423 2400 1461 2433 et
1496 2397 1609 2435 Dahi-

179 2471 351 2496 mannum
375 2460 398 2498 l.
424 2460 448 2498 l.
473 2460 522 2502 ΙΙ,
549 2460 581 2503 1,
608 2471 632 2506 p
671 2459 728 2495 22.

275 2521 302 2566 ⁵)
331 2518 439 2564 „²En2
474 2524 646 2557 Μένωνος
691 2518 884 2566 τραγῳδῶν
919 2516 1097 2562 Αἰσχύλος
1151 2516 1249 2553 ἐνίκα
1289 2520 1406 2559 Φινεῖ,
1443 2521 1611 2564 Πέρσαις,

178 2578 338 2624 Ἰἡαύκῳ
364 2583 529 2623 Ποτνιεΐ,
555 2581 791 2625 Προμηθεῖ“,
818 2590 865 2625 ap
890 2577 1058 2614 Dindorf
1080 2577 1137 2616 ed.
1165 2577 1284 2614 Oxon.
1311 2578 1416 2622 1851,
1442 2589 1478 2625 p.
1506 2579 1562 2615 70.

275 2638 304 2686 ⁶)
330 2640 417 2675 Vid.
442 2639 614 2675 Mueller.
642 2638 860 2683 „Eumenid.
888 2640 982 2675 etc.“
1016 2649 1054 2685 p.
1083 2637 1162 2681 198,
1186 2637 1225 2674 N
1261 2638 1610 2684 7.Welckcr,1.1.

177 2710 213 2743 p
240 2699 546 2803 433833hneider,
580 2759 729 2798 Einleit
766 2771 797 2795 z.
825 2758 860 2796 d.
886 2760 992 2796 Pers.
1017 2757 1061 2793 F.
1086 2757 1136 2795 H.
1167 2757 1300 2801 Bothe,
1332 2770 1366 2796 v.
1394 2760 1427 2803 1,
1453 2770 1489 2806 p.
1515 2760 1595 2803 268,

175 2818 222 2852 N.
248 2819 282 2853 6.
330 2818 502 2856 Dindorf.
528 2819 583 2856 ed.
613 2821 770 2856 Teubn..
798 2831 833 2866 p
859 2820 1176 2862 83a:„110m³z
1217 2818 1359 2855 addidit
1400 2819 1603 2855 scholiasta

174 2876 367 2918 recentior,
395 2880 539 2921 Hom-‹q›
563 2879 796 2916 Welckerus.
846 2879 889 2913 In
916 2878 1130 2932 didascaliis
1175 2878 1291 2914 solum
1333 2879 1494 2925 positum
1538 2879 1609 2914 fuit

176 2935 310 2971 Glauci
335 2947 467 2972 nomen
493 2939 588 2974 etc.“
